%%% Belkin Papers

@InProceedings{belkin2018understand,
  title = 	 {To Understand Deep Learning We Need to Understand Kernel Learning},
  author = 	 {Belkin, Mikhail and Ma, Siyuan and Mandal, Soumik},
  booktitle = 	 {Proceedings of the 35th International Conference on Machine Learning},
  pages = 	 {541--549},
  year = 	 {2018},
}

@article{pehlevan2018flexibility,
  title={Flexibility in motor timing constrains the topology and dynamics of pattern generator circuits},
  author={Pehlevan, Cengiz and Ali, Farhan and {\"O}lveczky, Bence P},
  journal={Nature communications},
  volume={9},
  number={1},
  pages={1--15},
  year={2018},
  publisher={Nature Publishing Group}
}

@article{belkin2018reconciling,
  title={Reconciling modern machine-learning practice and the classical bias--variance trade-off},
  author={Belkin, Mikhail and Hsu, Daniel and Ma, Siyuan and Mandal, Soumik},
  journal={Proceedings of the National Academy of Sciences},
  volume={116},
  number={32},
  pages={15849--15854},
  year={2019},
  publisher={National Acad Sciences}
}

@misc{belkin2019models,
  title={Two models of double descent for weak features},
  author={Belkin, Mikhail and Hsu, Daniel and Xu, Ji},
  journal={arXiv preprint arXiv:1903.07571},
  year={2019}
}

@inproceedings{belkin_mitra_overfitting_perfect,
  title={Overfitting or perfect fitting? risk bounds for classification and regression rules that interpolate},
  author={Belkin, Mikhail and Hsu, Daniel J and Mitra, Partha},
  booktitle={Advances in neural information processing systems},
  pages={2300--2311},
  year={2018}
}

@inproceedings{belkin_interpolation_optimality,
  author    = {Mikhail Belkin and
               Alexander Rakhlin and
               Alexandre B. Tsybakov},
  title     = {Does data interpolation contradict statistical optimality?},
  booktitle = {International Conference on Artificial Intelligence and Statistics},
  pages     = {1611--1619},
  year      = {2019},
}



@incollection{ma2017diving,
title = {Diving into the shallows: a computational perspective on large-scale shallow learning},
author = {Ma, SIYUAN and Belkin, Mikhail},
booktitle = {Advances in Neural Information Processing Systems 30},
editor = {},
pages = {3778--3787},
year = {2017},
publisher = {Curran Associates, Inc.}
}

@misc{ma2018kernel,
    title={Kernel machines that adapt to GPUs for effective large batch training},
    author={Siyuan Ma and Mikhail Belkin},
    year={2018},
    eprint={1806.06144},
    archivePrefix={arXiv},
    primaryClass={stat.ML}
}

%%% Sollich Papers

@inproceedings{sollich2001mismatch,
  title={Gaussian process regression with mismatched models},
  author={Sollich, Peter},
  booktitle={Advances in Neural Information Processing Systems},
  pages={519--526},
  year={2002}
}

@inproceedings{sollich1999learning,
  title={Learning curves for Gaussian processes},
  author={Sollich, Peter},
  booktitle={Advances in neural information processing systems},
  pages={344--350},
  year={1999}
}

@article{sollich2002approx,
   title={Learning Curves for Gaussian Process Regression: Approximations and Bounds},
   volume={14},
   number={6},
   journal={Neural Computation},
   publisher={MIT Press - Journals},
   author={Sollich, Peter and Halees, Anason},
   year={2002},
   pages={1393–1428}
}


@article{mercer1909xvi,
 author = {J. Mercer},
 journal = {Philosophical Transactions of the Royal Society of London. Series A},
 number = {},
 pages = {415--446},
 publisher = {The Royal Society},
 title = {Functions of Positive and Negative Type, and their Connection with the Theory of Integral Equations},
 volume = {209},
 year = {1909}
}

@book{engel2001statistical,
  title={Statistical mechanics of learning},
  author={Engel, Andreas and Van den Broeck, Christian},
  year={2001},
  publisher={Cambridge University Press}
}

@article{hofmann2008kernel,
  title={Kernel methods in machine learning},
  author={Hofmann, Thomas and Sch{\"o}lkopf, Bernhard and Smola, Alexander J},
  journal={The annals of statistics},
  pages={1171--1220},
  year={2008},
  publisher={JSTOR}
}

@article{vapnik1999overview,
  title={An overview of statistical learning theory},
  author={Vapnik, Vladimir N},
  journal={IEEE transactions on neural networks},
  volume={10},
  number={5},
  pages={988--999},
  year={1999},
  publisher={IEEE}
}

@article{lecun2015deep,
  title={Deep learning},
  author={LeCun, Yann and Bengio, Yoshua and Hinton, Geoffrey},
  journal={Nature},
  volume={521},
  number={7553},
  pages={436--444},
  year={2015},
  publisher={Nature Publishing Group}
}

@inproceedings{lee2019wide,
  title={Wide neural networks of any depth evolve as linear models under gradient descent},
  author={Lee, Jaehoon and Xiao, Lechao and Schoenholz, Samuel and Bahri, Yasaman and Novak, Roman and Sohl-Dickstein, Jascha and Pennington, Jeffrey},
  booktitle={Advances in neural information processing systems},
  pages={8570--8581},
  year={2019}
}

@inproceedings{arora2019exact,
  title={On exact computation with an infinitely wide neural net},
  author={Arora, Sanjeev and Du, Simon S and Hu, Wei and Li, Zhiyuan and Salakhutdinov, Russ R and Wang, Ruosong},
  booktitle={Advances in Neural Information Processing Systems},
  pages={8139--8148},
  year={2019}
}


@misc{xiao2019disentangling,
    title={Disentangling trainability and generalization in deep learning},
    author={Lechao Xiao and Jeffrey Pennington and Samuel S. Schoenholz},
    year={2019},
    eprint={1912.13053},
    archivePrefix={arXiv},
    primaryClass={cs.LG}
}

@incollection{poole2016exponential,
title = {Exponential expressivity in deep neural networks through transient chaos},
author = {Poole, Ben and Lahiri, Subhaneil and Raghu, Maithra and Sohl-Dickstein, Jascha and Ganguli, Surya},
booktitle = {Advances in Neural Information Processing Systems 29},
editor = {D. D. Lee and M. Sugiyama and U. V. Luxburg and I. Guyon and R. Garnett},
pages = {3360--3368},
year = {2016},
publisher = {Curran Associates, Inc.},
url = {http://papers.nips.cc/paper/6322-exponential-expressivity-in-deep-neural-networks-through-transient-chaos.pdf}
}



@inproceedings{ZHANGDeep,
  author    = {Chiyuan Zhang and
               Samy Bengio and
               Moritz Hardt and
               Benjamin Recht and
               Oriol Vinyals},
  title     = {Understanding deep learning requires rethinking generalization},
  booktitle = {International Conference on Learning Representations},
  year      = {2017},
}

@misc{advani2017highdimensional,
    title={High-dimensional dynamics of generalization error in neural networks},
    author={Madhu S. Advani and Andrew M. Saxe},
    year={2017},
    eprint={1710.03667},
    archivePrefix={arXiv},
    primaryClass={stat.ML}
}

@article{Advani_2013,
   title={Statistical mechanics of complex neural systems and high dimensional data},
   volume={2013},
   number={03},
   journal={Journal of Statistical Mechanics: Theory and Experiment},
   publisher={IOP Publishing},
   author={Advani, Madhu and Lahiri, Subhaneil and Ganguli, Surya},
   year={2013},
   pages={P03014}
}

@misc{hastie2019surprises,
    title={Surprises in High-Dimensional Ridgeless Least Squares Interpolation},
    author={Trevor Hastie and Andrea Montanari and Saharon Rosset and Ryan J. Tibshirani},
    year={2019},
    eprint={1903.08560},
    archivePrefix={arXiv},
    primaryClass={math.ST}
}

@misc{mitra2019understanding,
    title={Understanding overfitting peaks in generalization error: Analytical risk curves for $l_2$ and $l_1$ penalized interpolation},
    author={Partha P Mitra},
    year={2019},
    eprint={1906.03667},
    archivePrefix={arXiv},
    primaryClass={cs.LG}
}



@misc{mei2019generalization,
    title={The generalization error of random features regression: Precise asymptotics and double descent curve},
    author={Song Mei and Andrea Montanari},
    year={2019},
    eprint={1908.05355},
    archivePrefix={arXiv},
    primaryClass={math.ST}
}

@misc{kingma2014adam,
    title={Adam: A Method for Stochastic Optimization},
    author={Diederik P. Kingma and Jimmy Ba},
    year={2014},
    eprint={1412.6980},
    archivePrefix={arXiv},
    primaryClass={cs.LG}
}



@misc{liang2018just,
    title={Just Interpolate: Kernel ``Ridgeless" Regression Can Generalize},
    author={Tengyuan Liang and Alexander Rakhlin},
    year={2018},
    eprint={1808.00387},
    archivePrefix={arXiv},
    primaryClass={math.ST}
}

@misc{ghorbani2019limitations,
    title={Limitations of Lazy Training of Two-layers Neural Networks},
    author={Behrooz Ghorbani and Song Mei and Theodor Misiakiewicz and Andrea Montanari},
    year={2019},
    eprint={1906.08899},
    archivePrefix={arXiv},
    primaryClass={stat.ML}
}


@InProceedings{pmlr-v99-rakhlin19a,
  title = 	 {Consistency of Interpolation with Laplace Kernels is a High-Dimensional Phenomenon},
  author = 	 {Rakhlin, Alexander and Zhai, Xiyu},
  booktitle = 	 {Proceedings of the Thirty-Second Conference on Learning Theory},
  pages = 	 {2595--2623},
  year = 	 {2019},
  editor = 	 {},
  volume = 	 {99},
  series = 	 {Proceedings of Machine Learning Research},
  address = 	 {Phoenix, USA},
  pdf = 	 {http://proceedings.mlr.press/v99/rakhlin19a/rakhlin19a.pdf}
}

@unpublished{canatar2020,
 author    = "{Canatar, A and Bordelon, B and Pehlevan, C}",
 title = {Statistical mechanics of kernel regression}
}

@book{mezard1987spin,
  title={Spin glass theory and beyond: An Introduction to the Replica Method and Its Applications},
  author={M{\'e}zard, Marc and Parisi, Giorgio and Virasoro, Miguel},
  volume={9},
  year={1987},
  publisher={World Scientific Publishing Company}
}





@book{GPMLRasmussen,
author = {Rasmussen, Carl Edward and Williams, Christopher K. I.},
title = {Gaussian Processes for Machine Learning (Adaptive Computation and Machine Learning)},
year = {2005},
publisher = {The MIT Press}
}

@book{könig1986eigenvalue,
  title={Eigenvalue distribution of compact operators},
  author={K{\"o}nig, H.},
  isbn={9783764317553},
  lccn={lc85028689},
  series={Eigenvalue Distribution of Compact Operators},
  year={1986},
  publisher={Birkheauser Verlag}
}





@inproceedings{OpperVivarelli,
  author    = {Manfred Opper and
               Francesco Vivarelli},
  title     = {General Bounds on Bayes Errors for Regression with Gaussian Processes},
  booktitle = {Advances in Neural Information Processing Systems 11},
  pages     = {302--308},
  year      = {1998},
}


@book{costasspherical,
  title={Spherical Harmonics In P Dimensions},
  author={Costas Efthimiou and Christopher Frye},
  year={2014},
  publisher={World Scientific Publishing Company}
}

@book{Dai_2013,
	publisher = {Springer New York},
	author = {Feng Dai and Yuan Xu},
	title = {Approximation Theory and Harmonic Analysis on Spheres and Balls},
	year = {2013}
}


@inproceedings{jacot2018neural,
  title={Neural tangent kernel: Convergence and generalization in neural networks},
  author={Jacot, Arthur and Gabriel, Franck and Hongler, Cl{\'e}ment},
  booktitle={Advances in neural information processing systems},
  pages={8571--8580},
  year={2018}
}

@article{sompolinsky1999svm,
	title={Statistical Mechanics of Support Vector Networks},
	volume={82},
	number={14},
	journal={Physical Review Letters},
	publisher={American Physical Society (APS)},
	author={Dietrich, Rainer and Opper, Manfred and Sompolinsky, Haim},
	year={1999},
	pages={2975–2978}
}

@misc{cohen2019learning,
    title={Learning Curves for Deep Neural Networks: A Gaussian Field Theory Perspective},
    author={Omry Cohen and Or Malka and Zohar Ringel},
    year={2019},
    eprint={1906.05301},
    archivePrefix={arXiv},
    primaryClass={cs.LG}
}

@inproceedings{bietti2019inductive,
  title={On the inductive bias of neural tangent kernels},
  author={Bietti, Alberto and Mairal, Julien},
  booktitle={Advances in Neural Information Processing Systems},
  pages={12873--12884},
  year={2019}
}

@article{sherrington_spinglass,
  title = {Solvable Model of a Spin-Glass},
  author = {Sherrington, David and Kirkpatrick, Scott},
  journal = {Phys. Rev. Lett.},
  volume = {35},
  issue = {26},
  pages = {1792--1796},
  numpages = {0},
  year = {1975},
  publisher = {American Physical Society}
}

@article{parisi,
  title = {Infinite Number of Order Parameters for Spin-Glasses},
  author = {Parisi, G.},
  journal = {Phys. Rev. Lett.},
  volume = {43},
  issue = {23},
  pages = {1754--1756},
  numpages = {0},
  year = {1979},
  publisher = {American Physical Society}
}

@misc{cao2019understanding,
  title={Towards Understanding the Spectral Bias of Deep Learning},
  author={Yuan Cao and Zhiying Fang and Yue Wu and Ding-Xuan Zhou and Quanquan Gu},
  journal={ArXiv},
  year={2019},
  volume={abs/1912.01198}
}

@misc{yang2019finegrained,
    title={A Fine-Grained Spectral Perspective on Neural Networks},
    author={Greg Yang and Hadi Salman},
    year={2019},
    eprint={1907.10599},
    archivePrefix={arXiv},
    primaryClass={cs.LG}
}

@inproceedings{smola2001dotproduct,
  title={Regularization with dot-product kernels},
  author={Smola, Alex J and Ovari, Zoltan L and Williamson, Robert C},
  booktitle={Advances in neural information processing systems},
  pages={308--314},
  year={2001}
}

@book{stat_mech_learning, 
place={Cambridge}, title={Statistical Mechanics of Learning}, DOI={10.1017/CBO9781139164542}, publisher={Cambridge University Press}, author={Engel, A. and Van den Broeck, C.}, year={2001}}

@inproceedings{neuraltangents2020,
    title={Neural Tangents: Fast and Easy Infinite Neural Networks in Python},
    author={Roman Novak and Lechao Xiao and Jiri Hron and Jaehoon Lee and Alexander A. Alemi and Jascha Sohl-Dickstein and Samuel S. Schoenholz},
    booktitle={International Conference on Learning Representations},
    year={2020},
 }
 
@article{bartlett_VC,
  author  = {Peter L. Bartlett and Nick Harvey and Christopher Liaw and Abbas Mehrabian},
  title   = {Nearly-tight VC-dimension and Pseudodimension Bounds for Piecewise Linear Neural Networks},
  journal = {Journal of Machine Learning Research},
  year    = {2019},
  volume  = {20},
  number  = {63},
  pages   = {1-17},
}


@article{poggio_regnets,
author = {Evgeniou, Theodoros and Pontil, Massimiliano and Poggio, Tomaso},
year = {1999},
pages = {},
title = {Regularization Networks and Support Vector Machines},
volume = {13},
journal = {Advances in Computational Mathematics}
}

@book{haykin2009neural,
  added-at = {2017-03-18T17:31:57.000+0100},
  address = {Upper Saddle River, NJ},
  author = {Haykin, Simon S.},
  edition = {Third},
  interhash = {4cef19efafc52ae42607f9832a205214},
  intrahash = {e5015812328aaeccd73d8b03a7e36831},
  keywords = {Book Learning NeuralNetwork},
  publisher = {Pearson Education},
  timestamp = {2019-03-25T17:09:32.000+0100},
  title = {Neural networks and learning machines},
  year = 2009
}

@book{garfken67:math,
  added-at = {2013-03-22T02:46:59.000+0100},
  address = {San Diego},
  annote = {First edition published in 1967.},
  author = {Arfken, George},
  edition = {Third},
  interhash = {3892ff92c99fc6b30457216863fb6b22},
  intrahash = {06a7a290f700ffb0ec221872f672f5ae},
  keywords = {ODEs analysis complex functional mathematics matrix mechanics physics quantum},
  publisher = {Academic Press, {Inc.}},
  timestamp = {2014-11-16T04:53:12.000+0100},
  title = {Mathematical Methods for Physicists},
  year = 1985
}



@book{abramowitz_stegun,
  title={Handbook of Mathematical Functions: With Formulas, Graphs, and Mathematical Tables},
  author={Abramowitz, M. and Stegun, I.A.},
  year={1972},
  publisher={U.S. Department of Commerce, National Bureau of Standards}
}



@book{Vapnik1998,
  added-at = {2009-11-30T17:48:31.000+0100},
  author = {Vapnik, Vladimir N.},
  interhash = {f211eacca8f6ce50e9c31c6bcc482809},
  intrahash = {1a5aaa75fa8be088b01a7381d2f661be},
  keywords = {imported},
  owner = {CHAENIG},
  publisher = {Wiley-Interscience},
  timestamp = {2009-11-30T17:48:32.000+0100},
  title = {Statistical Learning Theory},
  year = 1998
}

@article{gyorfi,
author = {Gyorfi, Laszlo and  Kohler, Michael and Krzyzak, Adam and Walk, Harro},
title = {A Distribution-Free Theory of Nonparametric Regression. },
journal = {Journal of the American Statistical Association},
volume = {98},
number = {464},
pages = {1084-1084},
year  = {2003},
publisher = {Taylor & Francis}
}

}

@book{scholkopf_smola,
author = {Sch{\"o}lkopf, Bernhard and Smola, Alexander J.},
title = {Learning with Kernels: Support Vector Machines, Regularization, Optimization, and Beyond},
year = {2001},
publisher = {MIT Press}
}

@book{Wahba90a,
  added-at = {2014-01-09T16:23:34.000+0100},
  address = {Philadelphia},
  author = {Wahba, G.},
  interhash = {b825e54a66290cf7ad886c8939d3205d},
  intrahash = {9c97db2adca4042ad8db84e8383b8683},
  keywords = {imported},
  owner = {Dae-Jin Lee},
  publisher = {Society for Industrial and Applied Mathematics},
  timestamp = {2014-01-09T16:23:34.000+0100},
  title = {Spline Models for Observational Data},
  year = 1990
}

@article{cucker,
author = {Cucker, Felipe and Smale, Steve},
year = {2002},
pages = {413-428},
title = {Best Choices for Regularization Parameters in Learning Theory: On the Bias-Variance Problem.},
volume = {2},
journal = {Foundations of Computational Mathematics}
}

@article{Hubbard,
  title = {Calculation of Partition Functions},
  author = {Hubbard, J.},
  journal = {Phys. Rev. Lett.},
  volume = {3},
  issue = {2},
  pages = {77--78},
  numpages = {0},
  year = {1959},
  publisher = {American Physical Society}
}

%%% Frequency Principle Papers

@misc{xu2019frequency,
    title={Frequency Principle: Fourier Analysis Sheds Light on Deep Neural Networks},
    author={Zhi-Qin John Xu and Yaoyu Zhang and Tao Luo and Yanyang Xiao and Zheng Ma},
    year={2019},
    eprint={1901.06523},
    archivePrefix={arXiv},
    primaryClass={cs.LG}
}

%% Emprical observations

@InProceedings{rahaman2018spectral,
  title = 	 {On the Spectral Bias of Neural Networks},
  author = 	 {Rahaman, Nasim and Baratin, Aristide and Arpit, Devansh and Draxler, Felix and Lin, Min and Hamprecht, Fred and Bengio, Yoshua and Courville, Aaron},
  booktitle = 	 {Proceedings of the 36th International Conference on Machine Learning},
  pages = 	 {5301--5310},
  year = 	 {2019},
}

@InProceedings{xu2018training,
    author="Xu, Zhi-Qin John
    and Zhang, Yaoyu
    and Xiao, Yanyang",
    editor="Gedeon, Tom
    and Wong, Kok Wai
    and Lee, Minho",
    title="Training Behavior of Deep Neural Network in Frequency Domain",
    booktitle="Neural Information Processing",
    year="2019",
    pages="264--274"
}


%% Theory

@misc{zhang2019explicitizing,
    title={Explicitizing an Implicit Bias of the Frequency Principle in Two-layer Neural Networks},
    author={Yaoyu Zhang and Zhi-Qin John Xu and Tao Luo and Zheng Ma},
    year={2019},
    eprint={1905.10264},
    archivePrefix={arXiv},
    primaryClass={cs.LG}
}

@misc{luo2019theory,
    title={Theory of the Frequency Principle for General Deep Neural Networks},
    author={Tao Luo and Zheng Ma and Zhi-Qin John Xu and Yaoyu Zhang},
    year={2019},
    eprint={1906.09235},
    archivePrefix={arXiv},
    primaryClass={cs.LG}
}

@misc{spigler2019asymptotic,
    title={Asymptotic learning curves of kernel methods: empirical data v.s. Teacher-Student paradigm},
    author={Stefano Spigler and Mario Geiger and Matthieu Wyart},
    year={2019},
    eprint={1905.10843},
    archivePrefix={arXiv},
    primaryClass={stat.ML}
}



@ARTICLE{MNIST, author={Y. {Lecun} and L. {Bottou} and Y. {Bengio} and P. {Haffner}}, journal={Proceedings of the IEEE}, title={Gradient-based learning applied to document recognition}, year={1998}, volume={86}, number={11}, pages={2278-2324},}

@article{spigler2019,
       author = {{Spigler}, Stefano and {Geiger}, Mario and {Wyart}, Matthieu},
        title = "{Asymptotic learning curves of kernel methods: empirical data v.s. Teacher-Student paradigm}",
      journal = {arXiv e-prints},
         year = 2019,
          eid = {arXiv:1905.10843},
        pages = {arXiv:1905.10843},
archivePrefix = {arXiv},
       eprint = {1905.10843},
 primaryClass = {stat.ML}
}

@misc{hestness2017deep,
    title={Deep Learning Scaling is Predictable, Empirically},
    author={Joel Hestness and Sharan Narang and Newsha Ardalani and Gregory Diamos and Heewoo Jun and Hassan Kianinejad and Md. Mostofa Ali Patwary and Yang Yang and Yanqi Zhou},
    year={2017},
    eprint={1712.00409},
    archivePrefix={arXiv},
    primaryClass={cs.LG}
}