@STRING(simax="SIAM J. Matrix Anal. Appl.") 
@STRING(siamsc="SIAM J. Sci. Stat. Comp.") 
@STRING(sisc="SIAM J. Sci. Comp.") 
@STRING(siopt="SIAM J. Optim.") 
@STRING(mathpro="Math. Prog.") 
@STRING(mathproB="Math. Prog. Ser. B") 
@STRING(mathprocomp="Math. Prog. Comp.")
@STRING(constrapprox="Constr. Approx.") 
@STRING(japprox="J. Approx. Theory") 
@STRING(laa="Linear Algebra Appl.") 
@STRING(ela="Electron. J. Linear Algebra") 
@String{bit= "BIT"}
@STRING(sinum="SIAM J. Numer. Anal.")
@STRING(sirev="SIAM Rev.")
@STRING(nlaa="Numer. Lin. Alg. Appl.")
@STRING(nm="Numer. Math.")
@STRING(prl="Phys. Rev. Lett.")
@STRING(etna="Electron. Trans. Numer. Anal")
@STRING(jcam="J. Comput. Appl. Math.")
@STRING(compam="Comm. Pure Appl. Math.")
@STRING(anm="Appl. Numer. Math.")
@STRING(amc="Appl. Math. Comput.")
@STRING(jcp="J. Comput. Phys.")
@STRING(mc="Math. Comp.")
@STRING(imajna="IMA J. Numer. Anal.")
@STRING(acmtoms="ACM Trans. Math. Soft.")
@String{j-IEEE-IT               = "IEEE Trans. Inf. Theory"}
@STRING(j-PARALLEL-COMPUTING="Parallel Comput.")
@String{inst-MIMS               = "Manchester Institute for Mathematical
                                   Sciences, The University of Manchester"}
@String{inst-MIMS               = "Manchester Institute for Mathematical
                                   Sciences, The University of Manchester"}
@String{inst-MIMS:adr           = "UK"}
@STRING(harm="Appl. Comput. Harm. Anal.")
@STRING(bit="BIT Numer. Math.")
@STRING(neuroips = "Adv. Neur. Info. Proc. Syst.")


@article{barcelo2021fourier,
  title={{The Fourier extension operator of distributions in Sobolev spaces of the sphere and the Helmholtz equation}},
  author={Barcel{\'o}, JA and Folch-Gabayet, M and Luque, T and P{\'e}rez-Esteva, S and Vilela, MC},
  journal={Proceedings of the Royal Society of Edinburgh Section A: Mathematics},
  volume={151},
  number={6},
  pages={1768--1789},
  year={2021},
  publisher={Royal Society of Edinburgh Scotland Foundation}
}

@inproceedings{arora,
  title={Fine-grained analysis of optimization and generalization for overparameterized two-layer neural networks},
  author={Arora, S. and Du, S. S. and Hu, W. and Li, Z. and Wang, R.},
  booktitle={Inter. Conf. Mach. Learn.},
  pages={322--332},
  year={2019},
  organization={PMLR}
}


@article{jacot2018neural,
  title={Neural tangent kernel: Convergence and generalization in neural networks},
  author={Jacot, A. and Gabriel, F. and Hongler, C.},
  journal=neuroips,
  volume={31},
  year={2018}
}

@article{fridovich2021spectral,
  title={Spectral Bias in Practice: The Role of Function Frequency in Generalization},
  author={Fridovich-Keil, S. and Gontijo-Lopes, R. and Roelofs, R.},
  journal={arXiv preprint arXiv:2110.02424},
  year={2021}
}

@inproceedings{scetbon2021spectral,
  title={A spectral analysis of dot-product kernels},
  author={Scetbon, M. and Harchaoui, Z.},
  booktitle={Inter. Conf. Art. Intell. and Stat.},
  pages={3394--3402},
  year={2021},
  organization={PMLR}
}




@article{du,
  title={Gradient descent provably optimizes over-parameterized neural networks},
  author={Du, S. S. and Zhai, X. and Poczos, B. and Singh, A.},
  journal={Inter. Confer. Learn. Rep.},
  year={2018}
}




@book{dai,
  title={Approximation theory and harmonic analysis on spheres and balls},
  author={Dai, F. and Xu, Y.},
  volume={23},
  year={2013},
  publisher={Springer}
}


@article{mhaskar,
      title={Spherical {M}arcinkiewicz--{Z}ygmund Inequalities and Positive Quadrature}, 
      author={H. N. Mhaskar and F. J. Narcowich and J. D. Ward},
      journal = mc,
      year={2000},
      volume={70},
      number={235},
      pages={1113--1130},
}




@article{bal2012introduction,
  title={Introduction to inverse problems},
  author={Bal, G.},
  journal={Lecture Notes-Department of Applied Physics and Applied Mathematics, Columbia University, New York},
  year={2012}
}

@article{arbogastmethods,
  title={Methods of applied mathematics},
  year={2008},
  author={Arbogast, T. and Bona, J. L.},
  journal={Lecture notes in applied mathematics, The University of Texas at Austin}}
}


@article{schechter1960negative,
  title={Negative norms and boundary problems},
  author={Schechter, M.},
  journal={Ann. Math.},
  volume={72},
  pages={581--593},
  year={1960},
  publisher={JSTOR}
}

@article{yang2020anderson,
  title={Anderson Acceleration Using the $\mathcal{H}^{-s}$ Norm},
  author={Yang, Y. and Townsend, A. and Appel{\"o}, D.},
  journal={J. Comput. Appl. Math.},
  volume={403},
  pages = {113844},
  year={2022}
}

@article{bietti2019inductive,
  title={On the inductive bias of neural tangent kernels},
  author={Bietti, A. and Mairal, J.},
  journal=neuroips,
  volume={32},
  year={2019}
}


@article{barcelo2020characterization,
  title={Characterization of {Sobolev} spaces on the sphere},
  author={Barcel{\'o}, J. A. and Luque, T. and P{\'e}rez-Esteva, S.},
  journal={J. Math. Anal. Appl.},
  volume={491},
  number={1},
  pages={124240},
  year={2020},
  publisher={Elsevier}
}

@article{Li2011,
    title={Concise formulas for the area and volume of a hyperspherical cap},
    author={Li, S.},
    journal={Asian J. Math. Stat.},
    year={2011},
    volume={4},
    issue={1},
    pages={66--70}
}

@book{williams2006gaussian,
  title={Gaussian processes for machine learning},
  author={Williams, C. K. and Rasmussen, C. E.},
  year={2006},
  publisher={MIT press Cambridge, MA}
}

@article{widom1963asymptotic,
  title={Asymptotic behavior of the eigenvalues of certain integral equations},
  author={Widom, H.},
  journal={Trans. Amer. Math. Soc.},
  volume={109},
  number={2},
  pages={278--295},
  year={1963},
  publisher={JSTOR}
}

@article{widom1964asymptotic,
  title={Asymptotic behavior of the eigenvalues of certain integral equations. {II}},
  author={Widom, H.},
  journal={Arch. Rat. Mech. Anal.},
  volume={17},
  number={3},
  pages={215--229},
  year={1964},
  publisher={Springer}
}

@article{bach2002kernel,
  title={Kernel independent component analysis},
  author={Bach, F. R. and Jordan, M. I.},
  journal={J. Mach. Learn. Res.},
  volume={3},
  number={Jul},
  pages={1--48},
  year={2002}
}


@book{baker1977numerical,
  title={The numerical treatment of integral equations},
  author={Baker, C. T. H.},
  year={1977},
  publisher={Oxford University Press}
}

@inproceedings{basri2020frequency,
  title={Frequency bias in neural networks for input of non-uniform density},
  author={Basri, R. and Galun, M. and Geifman, A. and Jacobs, D. and Kasten, Y. and Kritchman, S.},
  booktitle={Inter. Conf. Mach. Learn.},
  pages={685--694},
  year={2020},
  organization={PMLR}
}


@misc{wright2015,
  author = {Wright, G. and Michaels, T.},
  title = {Spherepts},
  year = {2015},
  publisher = {GitHub},
  journal = {GitHub repository},
  howpublished = {\url{https://github.com/gradywright/spherepts}}
}


@article{vlassis2021sobolev,
  title={Sobolev training of thermodynamic-informed neural networks for interpretable elasto-plasticity models with level set hardening},
  author={Vlassis, N.N. and Sun, W.},
  journal={Compu. Meth. Appl. Mech. Eng.},
  volume={377},
  pages={113695},
  year={2021},
  publisher={Elsevier}
}

@article{tsay2021sobolev,
  title={Sobolev trained neural network surrogate models for optimization},
  author={Tsay, C.},
  journal={Comp. Chem. Eng.},
  volume={153},
  pages={107419},
  year={2021},
  publisher={Elsevier}
}

@article{son2021sobolev,
  title={Sobolev training for the neural network solutions of pdes},
  author={Son, H. and Jang, J.W. and Han, W.J. and Hwang, H.J.},
  journal={arXiv preprint arXiv:2101.08932},
  year={2021}
}

@article{engquist2020quadratic,
  title={The quadratic {W}asserstein metric for inverse data matching},
  author={Engquist, B. and Ren, K. and Yang, Y.},
  journal={Inverse Problems},
  volume={36},
  number={5},
  pages={055001},
  year={2020},
  publisher={IOP Publishing}
}

@inproceedings{cocola2020global,
  title={Global Convergence of {S}obolev Training for Overparameterized Neural Networks},
  author={Cocola, J. and Hand, P.},
  booktitle={Inter. Conf. Mach Learn.},
  pages={574--586},
  year={2020},
  organization={Springer}
}

@article{czarnecki2017sobolev,
  title={Sobolev training for neural networks},
  author={Czarnecki, W. M. and Osindero, S. and Jaderberg, M. and Swirszcz, G. and Pascanu, R.},
  journal=neuroips,
  volume={30},
  year={2017}
}

@article{basri,
  title={The convergence rate of neural networks for learned functions of different frequencies},
  author={Basri, R. and Jacobs, D. and Kasten, Y. and Kritchman, S.},
  journal=neuroips,
  volume={32},
  year={2019}
}

@article{xu2020frequency,
  title={Frequency Principle: Fourier Analysis Sheds Light on Deep Neural Networks},
  author={Xu, Z.-Q. J.},
  journal={Commun. Comput. Phys.},
  volume={28},
  number={5},
  pages={1746--1767},
  year={2020}
}


@inproceedings{rahaman2019spectral,
  title={On the spectral bias of neural networks},
  author={Rahaman, N. and Baratin, A. and Arpit, D. and Draxler, F. and Lin, M. and Hamprecht, F. and Bengio, Y. and Courville, A.},
  booktitle={Inter. Conf. Mach. Learn.},
  pages={5301--5310},
  year={2019},
  organization={PMLR}
}


@article{yang2019fine,
  title={A fine-grained spectral perspective on neural networks},
  author={Yang, G. and Salman, H.},
  journal={arXiv preprint arXiv:1907.10599},
  year={2019}
}


@article{belkin2019reconciling,
  title={Reconciling modern machine-learning practice and the classical bias--variance trade-off},
  author={Belkin, M. and Hsu, D. and Ma, S. and Mandal, S.},
  journal={Proc. Nat. Acad. Sci.},
  volume={116},
  number={32},
  pages={15849--15854},
  year={2019},
  publisher={Nat. Acad. Sci.}
}

@article{cao2019towards,
  title={Towards understanding the spectral bias of deep learning},
  author={Cao, Y. and Fang, Z. and Wu, Y. and Zhou, D.-X. and Gu, Q.},
  journal={arXiv preprint arXiv:1912.01198},
  year={2019}
}


@article{seeley1966spherical,
  title={Spherical harmonics},
  author={Seeley, R. T.},
  journal={Amer. Math. Mon.},
  volume={73},
  number={4P2},
  pages={115--121},
  year={1966},
  publisher={Taylor \& Francis}
}


@article{yang2021implicit,
  title={Implicit Regularization Effects of the {Sobolev} Norms in Image Processing},
  author={Zhu, B. and Hu, J. and Lou, Y. and Yang, Y.},
  journal={arXiv preprint arXiv:2109.06255},
  year={2021}
}


@inproceedings{suyang,
 author = {Su, L. and Yang, P.},
 booktitle = neuroips,
 editor = {H. Wallach and H. Larochelle and A. Beygelzimer and F. d\textquotesingle Alch\'{e}-Buc and E. Fox and R. Garnett},
 pages = {},
 publisher = {Curran Associates, Inc.},
 title = {On Learning Over-parameterized Neural Networks: A Functional Approximation Perspective},
 volume = {32},
 year = {2019}
}


@article{hoeffding1994,
  title={Probability inequalities for sums of bounded random variables},
  author={Hoeffding, W.},
  journal={J. Amer. Stat. Assoc.},
  volume = {58},
  pages={13-30},
  year={1963},
  publisher={Taylor & Francis}
}



@misc{DLMF,
         key = "{\relax DLMF}",
       title = "{\it NIST Digital Library of Mathematical Functions}",
howpublished = "http://dlmf.nist.gov/, Release 1.1.6 of 2022-06-30",
         url = "http://dlmf.nist.gov/",
        note = "F.~W.~J. Olver, A.~B. {Olde Daalhuis}, D.~W. Lozier, B.~I. Schneider,
                R.~F. Boisvert, C.~W. Clark, B.~R. Miller, B.~V. Saunders,
                H.~S. Cohl, and M.~A. McClain, eds."}




@article{MNIST,
  title={{M}{N}{I}{S}{T} handwritten digit database},
  author={LeCun, Y. and Cortes, C. and Burges, C. J.},
  journal={ATT Labs [Online]. Available: http://yann.lecun.com/exdb/mnist},
  volume={2},
  year={2010}
}


@misc{autoencoder,
  author = {Chollet, F},
  title = {Building Autoencoders in Keras},
  howpublished = {\url{https://blog.keras.io/building-autoencoders-in-keras.html}},
  year = {2016}, 
}

@article{yu2022stability,
  title={On the stability of unevenly spaced samples for interpolation and quadrature},
  author={Yu, Annan and Townsend, Alex},
  journal={arXiv preprint arXiv:2202.04722},
  year={2022}
}


@article{austin2017trig,
author = {Austin, A.P. and Trefethen, L.N.},
title = {Trigonometric Interpolation and Quadrature in Perturbed Points},
journal = {SIAM Journal on Numerical Analysis},
volume = {55},
number = {5},
pages = {2113-2122},
year = {2017},
doi = {10.1137/16M1107760},
}


@article{rosenblatt1956remarks,
author = {Rosenblatt, M.},
title = {{Remarks on Some Nonparametric Estimates of a Density Function}},
volume = {27},
journal = {The Annals of Mathematical Statistics},
number = {3},
publisher = {Institute of Mathematical Statistics},
pages = {832 -- 837},
year = {1956},
doi = {10.1214/aoms/1177728190},
URL = {https://doi.org/10.1214/aoms/1177728190}
}


@article{parzen1962estimation,
author = {Parzen, E.},
title = {{On Estimation of a Probability Density Function and Mode}},
volume = {33},
journal = {The Annals of Mathematical Statistics},
number = {3},
publisher = {Institute of Mathematical Statistics},
pages = {1065 -- 1076},
year = {1962},
doi = {10.1214/aoms/1177704472},
URL = {https://doi.org/10.1214/aoms/1177704472}
}


@book{boyd2004convex,
  title={Convex optimization},
  author={Boyd, Stephen and Vandenberghe, Lieven},
  year={2004},
  publisher={Cambridge university press}
}


@misc{kurbiel,
  author        = "Kurbiel, T.",
  title         = "Derivative of the Softmax Function and the Categorical Cross-Entropy Loss",
  howpublished  = "Towards Data Science",
  year          = "2021 [Online]",
  URL           = {https://towardsdatascience.com/derivative-of-the-softmax-function-and-the-categorical-cross-entropy-loss-ffceefc081d1}
}