@misc{_a,
  type = {Misc}
}

@misc{_ImagenetClassification,
  title = {Imagenet Classification with Deep Convolutional Neural... - {{Google}} 学术搜索},
  url = {https://scholar.google.com/scholar?hl=zh-CN&as_sdt=0%2C5&q=Imagenet+classification+with+deep+convolutional+neural+networks&btnG=},
  urldate = {2023-01-26}
}

@misc{_ImageNetClassification,
  title = {{{ImageNet}} Classification with Deep Convolutional Neural Networks | {{Communications}} of the {{ACM}}},
  url = {https://dl.acm.org/doi/abs/10.1145/3065386},
  urldate = {2023-01-26}
}

@misc{_SharpEstimatesa,
  title = {Sharp Estimates for Eigenvalues of Integral Operators Generated by Dot Product Kernels on the Sphere - {{ScienceDirect}}},
  url = {https://www.sciencedirect.com/science/article/pii/S0021904513001652},
  urldate = {2022-12-08}
}

@book{adams2003_SobolevSpaces,
  title = {Sobolev Spaces},
  author = {Adams, Robert A and Fournier, John JF},
  year = {2003},
  publisher = {{Elsevier}}
}

@article{allen-zhu2019_ConvergenceRate,
  title = {On the Convergence Rate of Training Recurrent Neural Networks},
  author = {{Allen-Zhu}, Zeyuan and Li, Yuanzhi and Song, Zhao},
  year = {2019},
  journal = {Advances in neural information processing systems},
  volume = {32}
}

@misc{allen-zhu2019_ConvergenceTheory,
  title = {A Convergence Theory for Deep Learning via Over-Parameterization},
  author = {{Allen-Zhu}, Zeyuan and Li, Yuanzhi and Song, Zhao},
  year = {2019},
  month = jun,
  eprint = {1811.03962},
  url = {http://arxiv.org/abs/1811.03962},
  urldate = {2022-04-11},
  archiveprefix = {arxiv},
  keywords = {\_tablet}
}

@inproceedings{allen-zhuConvergenceTheoryDeep2019,
  title = {A {{Convergence Theory}} for {{Deep Learning}} via {{Over-Parameterization}}},
  booktitle = {Proceedings of the 36th {{International Conference}} on {{Machine Learning}}},
  author = {{Allen-Zhu}, Zeyuan and Li, Yuanzhi and Song, Zhao},
  year = {2019},
  month = may,
  pages = {242--252},
  publisher = {{PMLR}},
  issn = {2640-3498},
  url = {https://proceedings.mlr.press/v97/allen-zhu19a.html},
  urldate = {2022-04-11},
  langid = {english},
  keywords = {\_tablet}
}

@article{amini2021_ConcentrationKernel,
  title = {Concentration of Kernel Matrices with Application to Kernel Spectral Clustering},
  author = {Amini, Arash A. and Razaee, Zahra S.},
  year = {2021},
  journal = {The Annals of Statistics},
  volume = {49},
  number = {1},
  pages = {531--556},
  publisher = {{Institute of Mathematical Statistics}}
}

@book{andreaschristmann2008_SupportVector,
  title = {Support Vector Machines},
  author = {Andreas Christmann, Ingo Steinwart (auth.)},
  year = {2008},
  series = {Information {{Science}} and {{Statistics}}},
  edition = {1},
  publisher = {{Springer-Verlag New York}},
  address = {{New York, NY}},
  issn = {1613-9011},
  doi = {10.1007/978-0-387-77242-4},
  isbn = {0-387-77242-1 0-387-77241-3 978-0-387-77241-7 978-0-387-77242-4},
  langid = {english}
}

@article{arora_FinegrainedAnalysis,
  title = {Fine-Grained Analysis of Optimization and Generalization for Overparameterized Two-Layer Neural Networks},
  author = {Arora, Sanjeev and Du, Simon S and Hu, Wei and Li, Zhiyuan and Wang, Ruosong},
  pages = {11},
  langid = {english}
}

@inproceedings{arora2019_ExactComputation,
  title = {On Exact Computation with an Infinitely Wide Neural Net},
  booktitle = {Advances in {{Neural Information Processing Systems}}},
  author = {Arora, Sanjeev and Du, Simon S. and Hu, Wei and Li, Zhiyuan and Salakhutdinov, Russ R and Wang, Ruosong},
  year = {2019},
  volume = {32},
  publisher = {{Curran Associates, Inc.}},
  url = {https://proceedings.neurips.cc/paper/2019/hash/dbc4d84bfcfe2284ba11beffb853a8c4-Abstract.html},
  urldate = {2022-04-12},
  keywords = {\_tablet,⛔ No DOI found}
}

@inproceedings{arora2019_FinegrainedAnalysis,
  title = {Fine-Grained Analysis of Optimization and Generalization for Overparameterized Two-Layer Neural Networks},
  booktitle = {International {{Conference}} on {{Machine Learning}}},
  author = {Arora, Sanjeev and Du, Simon and Hu, Wei and Li, Zhiyuan and Wang, Ruosong},
  year = {2019},
  pages = {322--332},
  publisher = {{PMLR}}
}

@article{azevedo2014_SharpEstimates,
  title = {Sharp Estimates for Eigenvalues of Integral Operators Generated by Dot Product Kernels on the Sphere},
  author = {Azevedo, D. and Menegatto, V.A.},
  year = {2014},
  month = jan,
  journal = {Journal of Approximation Theory},
  volume = {177},
  pages = {57--68},
  issn = {00219045},
  doi = {10.1016/j.jat.2013.10.002},
  urldate = {2022-12-08},
  langid = {english}
}

@article{bach2017_BreakingCurse,
  title = {Breaking the Curse of Dimensionality with Convex Neural Networks},
  author = {Bach, Francis},
  year = {2017},
  journal = {The Journal of Machine Learning Research},
  volume = {18},
  number = {1},
  pages = {629--681},
  publisher = {{JMLR. org}}
}

@misc{barcelo2019_CharacterizationSobolev,
  title = {Characterization of {{Sobolev}} Spaces on the Sphere},
  author = {Barcel{\'o}, J. A. and Luque, T. and {P{\'e}rez-Esteva}, S.},
  year = {2019},
  month = sep,
  number = {arXiv:1907.01571},
  eprint = {1907.01571},
  primaryclass = {math},
  publisher = {{arXiv}},
  doi = {10.48550/arXiv.1907.01571},
  urldate = {2023-01-17},
  archiveprefix = {arxiv},
  keywords = {Mathematics - Classical Analysis and ODEs}
}

@article{bartlett2020_BenignOverfittinga,
  title = {Benign Overfitting in Linear Regression},
  author = {Bartlett, Peter L. and Long, Philip M. and Lugosi, G{\'a}bor and Tsigler, Alexander},
  year = {2020},
  journal = {Proceedings of the National Academy of Sciences},
  volume = {117},
  number = {48},
  pages = {30063--30070},
  publisher = {{National Acad Sciences}}
}

@misc{barzilai2022_KernelPerspective,
  title = {A Kernel Perspective of Skip Connections in Convolutional Networks},
  author = {Barzilai, Daniel and Geifman, Amnon and Galun, Meirav and Basri, Ronen},
  year = {2022},
  month = nov,
  number = {arXiv:2211.14810},
  eprint = {2211.14810},
  primaryclass = {cs},
  publisher = {{arXiv}},
  doi = {10.48550/arXiv.2211.14810},
  urldate = {2023-01-11},
  archiveprefix = {arxiv},
  keywords = {Computer Science - Machine Learning}
}

@article{bauer2007_RegularizationAlgorithms,
  title = {On Regularization Algorithms in Learning Theory},
  author = {Bauer, F. and Pereverzyev, S. and Rosasco, L.},
  year = {2007},
  journal = {Journal of complexity},
  volume = {23},
  number = {1},
  pages = {52--72},
  publisher = {{Elsevier}},
  doi = {10.1016/j.jco.2006.07.001},
  isbn = {0885-064X},
  keywords = {saturation,Spectral algorithm}
}

@article{bauer2019_DeepLearning,
  title = {On Deep Learning as a Remedy for the Curse of Dimensionality in Nonparametric Regression},
  author = {Bauer, Benedikt and Kohler, Michael},
  year = {2019}
}

@misc{beaglehole2022_KernelRidgeless,
  title = {Kernel Ridgeless Regression Is Inconsistent in Low Dimensions},
  author = {Beaglehole, Daniel and Belkin, Mikhail and Pandit, Parthe},
  year = {2022},
  month = jun,
  number = {arXiv:2205.13525},
  eprint = {2205.13525},
  primaryclass = {cs},
  publisher = {{arXiv}},
  doi = {10.48550/arXiv.2205.13525},
  urldate = {2022-10-13},
  archiveprefix = {arxiv}
}

@misc{beatson2011_PolyaCriterion,
  title = {A {{Polya}} Criterion for (Strict) Positive Definiteness on the Sphere},
  author = {Beatson, R. K. and zu Castell, W. and Xu, Y.},
  year = {2011},
  month = oct,
  number = {arXiv:1110.2437},
  eprint = {1110.2437},
  primaryclass = {math},
  publisher = {{arXiv}},
  doi = {10.48550/arXiv.1110.2437},
  urldate = {2022-10-25},
  archiveprefix = {arxiv},
  keywords = {{41A05, 41A63},Mathematics - Classical Analysis and ODEs}
}

@inproceedings{belkin2018_UnderstandDeep,
  title = {To Understand Deep Learning We Need to Understand Kernel Learning},
  booktitle = {Proceedings of the 35th {{International Conference}} on {{Machine Learning}}},
  author = {Belkin, Mikhail and Ma, Siyuan and Mandal, Soumik},
  year = {2018},
  month = jul,
  pages = {541--549},
  publisher = {{PMLR}},
  issn = {2640-3498},
  url = {https://proceedings.mlr.press/v80/belkin18a.html},
  urldate = {2023-01-27},
  langid = {english}
}

@inproceedings{bietti2019_InductiveBias,
  title = {On the Inductive Bias of Neural Tangent Kernels},
  booktitle = {Advances in {{Neural Information Processing Systems}}},
  author = {Bietti, Alberto and Mairal, Julien},
  year = {2019},
  volume = {32}
}

@article{bietti2020_DeepEquals,
  title = {Deep Equals Shallow for {{ReLU}} Networks in Kernel Regimes},
  author = {Bietti, Alberto and Bach, Francis},
  year = {2020},
  journal = {arXiv preprint arXiv:2009.14397},
  eprint = {2009.14397},
  archiveprefix = {arxiv}
}

@inproceedings{bingham1973_PositiveDefinite,
  title = {Positive Definite Functions on Spheres},
  booktitle = {Mathematical {{Proceedings}} of the {{Cambridge Philosophical Society}}},
  author = {Bingham, Nicholas H.},
  year = {1973},
  volume = {73},
  pages = {145--156},
  publisher = {{Cambridge University Press}}
}

@article{blanchard2018_OptimalRates,
  title = {Optimal Rates for Regularization of Statistical Inverse Learning Problems},
  author = {Blanchard, G. and M{\"u}cke, Nicole},
  year = {2018},
  journal = {Foundations of Computational Mathematics},
  volume = {18},
  pages = {971--1013},
  doi = {10.1007/s10208-017-9359-7},
  arxivid = {1604.04054}
}

@article{bogomolny2003_SpectralProperties,
  title = {Spectral Properties of Distance Matrices},
  author = {Bogomolny, Eugene and Bohigas, Oriol and Schmit, Charles},
  year = {2003},
  journal = {Journal of Physics A: Mathematical and General},
  volume = {36},
  number = {12},
  pages = {3595},
  publisher = {{IOP Publishing}}
}

@inproceedings{bordelon2020_SpectrumDependent,
  title = {Spectrum Dependent Learning Curves in Kernel Regression and Wide Neural Networks},
  booktitle = {Proceedings of the 37th {{International Conference}} on {{Machine Learning}}},
  author = {Bordelon, Blake and Canatar, Abdulkadir and Pehlevan, Cengiz},
  year = {2020},
  month = nov,
  pages = {1024--1034},
  publisher = {{PMLR}},
  issn = {2640-3498},
  url = {https://proceedings.mlr.press/v119/bordelon20a.html},
  urldate = {2022-12-05},
  langid = {english}
}

@inproceedings{bordelon2020_SpectrumDependenta,
  title = {Spectrum Dependent Learning Curves in Kernel Regression and Wide Neural Networks},
  booktitle = {International {{Conference}} on {{Machine Learning}}},
  author = {Bordelon, Blake and Canatar, Abdulkadir and Pehlevan, Cengiz},
  year = {2020},
  pages = {1024--1034},
  publisher = {{PMLR}}
}

@article{brauchart2013_CharacterizationSobolev,
  title = {A Characterization of {{Sobolev}} Spaces on the Sphere and an Extension of {{Stolarsky}}'s Invariance Principle to Arbitrary Smoothness},
  author = {Brauchart, Johann S. and Dick, Josef},
  year = {2013},
  month = dec,
  journal = {Constructive Approximation},
  volume = {38},
  number = {3},
  pages = {397--445},
  issn = {1432-0940},
  doi = {10.1007/s00365-013-9217-z},
  urldate = {2023-01-17},
  langid = {english},
  keywords = {11K38,41A30,41A55,Equal weight numerical integration,Generalized discrepancy,Reproducing kernel Hilbert space,Sobolev space,Sphere,Spherical designs,Stolarsky's invariance principle,Warnock's formula,Worst-case numerical integration error}
}

@phdthesis{braun2005_SpectralProperties,
  title = {Spectral Properties of the Kernel Matrix and Their Relation to Kernel Methods in Machine Learning},
  author = {Braun, M.},
  year = {2005},
  url = {https://www.semanticscholar.org/paper/28a94f648bb990d7022a5a83722fc7af0a376a70}
}

@phdthesis{braun2005_SpectralPropertiesa,
  type = {Thesis},
  title = {Spectral Properties of the Kernel Matrix and Their Relation to Kernel Methods in Machine Learning},
  author = {Braun, Mikio Ludwig},
  year = {2005},
  url = {https://bonndoc.ulb.uni-bonn.de/xmlui/handle/20.500.11811/2321},
  urldate = {2022-10-12},
  copyright = {In Copyright},
  langid = {english},
  school = {Universit{\"a}ts- und Landesbibliothek Bonn},
  annotation = {Accepted: 2020-04-08T01:33:47Z}
}

@article{buchholz_KernelInterpolationb,
  title = {Kernel Interpolation in {{Sobolev}} Spaces Is Not Consistent in Low Dimensions},
  author = {Buchholz, Simon},
  pages = {31},
  langid = {english}
}

@misc{cagnetta2022_WhatCan,
  title = {What Can Be Learnt with Wide Convolutional Neural Networks?},
  author = {Cagnetta, Francesco and Favero, Alessandro and Wyart, Matthieu},
  year = {2022},
  month = oct,
  number = {arXiv:2208.01003},
  eprint = {2208.01003},
  primaryclass = {cs, stat},
  publisher = {{arXiv}},
  doi = {10.48550/arXiv.2208.01003},
  urldate = {2023-01-23},
  archiveprefix = {arxiv},
  keywords = {Computer Science - Machine Learning,Statistics - Machine Learning}
}

@article{canatar2021_SpectralBias,
  title = {Spectral Bias and Task-Model Alignment Explain Generalization in Kernel Regression and Infinitely Wide Neural Networks},
  author = {Canatar, Abdulkadir and Bordelon, Blake and Pehlevan, Cengiz},
  year = {2021},
  month = may,
  journal = {Nature Communications},
  volume = {12},
  number = {1},
  pages = {2914},
  publisher = {{Nature Publishing Group}},
  issn = {2041-1723},
  doi = {10.1038/s41467-021-23103-1},
  urldate = {2022-12-07},
  copyright = {2021 The Author(s)},
  langid = {english},
  keywords = {Applied mathematics,Computer science}
}

@article{canatar2021_SpectralBiasa,
  title = {Spectral Bias and Task-Model Alignment Explain Generalization in Kernel Regression and Infinitely Wide Neural Networks},
  author = {Canatar, Abdulkadir and Bordelon, Blake and Pehlevan, Cengiz},
  year = {2021},
  month = may,
  journal = {Nature Communications},
  volume = {12},
  number = {1},
  pages = {2914},
  publisher = {{Nature Publishing Group}},
  issn = {2041-1723},
  doi = {10.1038/s41467-021-23103-1},
  urldate = {2023-01-27},
  copyright = {2021 The Author(s)},
  langid = {english},
  keywords = {Applied mathematics,Computer science}
}

@inproceedings{cao2020_GeneralizationError,
  title = {Generalization Error Bounds of Gradient Descent for Learning Over-Parameterized Deep {{ReLU}} Networks},
  booktitle = {Proceedings of the {{AAAI Conference}} on {{Artificial Intelligence}}},
  author = {Cao, Yuan and Gu, Quanquan},
  year = {2020},
  volume = {34},
  pages = {3349--3356}
}

@article{caponnetto2007_OptimalRates,
  title = {Optimal Rates for the Regularized Least-Squares Algorithm},
  author = {Caponnetto, Andrea and De Vito, Ernesto},
  year = {2007},
  journal = {Foundations of Computational Mathematics},
  volume = {7},
  number = {3},
  pages = {331--368},
  publisher = {{Springer}},
  doi = {10.1007/s10208-006-0196-8},
  keywords = {KRR}
}

@article{caponnetto2010_CrossvalidationBased,
  title = {Cross-Validation Based Adaptation for Regularization Operators in Learning Theory},
  author = {Caponnetto, A. and Yao, Y.},
  year = {2010},
  journal = {Analysis and Applications},
  volume = {08},
  pages = {161--183},
  doi = {10.1142/S0219530510001564},
  keywords = {adaptive,CV}
}

@article{castro2012_EigenvalueDecay,
  title = {Eigenvalue Decay of Positive Integral Operators on the Sphere},
  author = {Castro, M. and Menegatto, V.},
  year = {2012},
  journal = {Mathematics of Computation},
  volume = {81},
  number = {280},
  pages = {2303--2317}
}

@article{chen2020_DeepNeural,
  title = {Deep Neural Tangent Kernel and Laplace Kernel Have the Same {{RKHS}}},
  author = {Chen, Lin and Xu, Sheng},
  year = {2020},
  journal = {arXiv preprint arXiv:2009.10683},
  eprint = {2009.10683},
  archiveprefix = {arxiv}
}

@inproceedings{cho2009_KernelMethods,
  title = {Kernel Methods for Deep Learning},
  booktitle = {Advances in Neural Information Processing Systems},
  author = {Cho, Youngmin and Saul, Lawrence},
  editor = {Bengio, Y. and Schuurmans, D. and Lafferty, J. and Williams, C. and Culotta, A.},
  year = {2009},
  volume = {22},
  publisher = {{Curran Associates, Inc.}},
  url = {https://proceedings.neurips.cc/paper/2009/file/5751ec3e9a4feab575962e78e006250d-Paper.pdf}
}

@inproceedings{choromanska2015_LossSurfaces,
  title = {The Loss Surfaces of Multilayer Networks},
  booktitle = {Artificial Intelligence and Statistics},
  author = {Choromanska, Anna and Henaff, Mikael and Mathieu, Michael and Arous, G{\'e}rard Ben and LeCun, Yann},
  year = {2015},
  pages = {192--204},
  publisher = {{PMLR}}
}

@inproceedings{cohen2016_ExpressivePower,
  title = {On the Expressive Power of Deep Learning: {{A}} Tensor Analysis},
  shorttitle = {On the Expressive Power of Deep Learning},
  booktitle = {Conference on Learning Theory},
  author = {Cohen, Nadav and Sharir, Or and Shashua, Amnon},
  year = {2016},
  pages = {698--728},
  publisher = {{PMLR}}
}

@book{dai2013_ApproximationTheory,
  title = {Approximation Theory and Harmonic Analysis on Spheres and Balls},
  author = {Dai, Feng and Xu, Yuan},
  year = {2013},
  series = {Springer {{Monographs}} in {{Mathematics}}},
  publisher = {{Springer New York}},
  address = {{New York, NY}},
  doi = {10.1007/978-1-4614-6660-4},
  urldate = {2022-07-12},
  isbn = {978-1-4614-6659-8 978-1-4614-6660-4},
  langid = {english}
}

@misc{devlin2019_BERTPretraining,
  title = {{{BERT}}: {{Pre-training}} of Deep Bidirectional Transformers for Language Understanding},
  shorttitle = {Bert},
  author = {Devlin, Jacob and Chang, Ming-Wei and Lee, Kenton and Toutanova, Kristina},
  year = {2019},
  month = may,
  number = {arXiv:1810.04805},
  eprint = {1810.04805},
  primaryclass = {cs},
  publisher = {{arXiv}},
  doi = {10.48550/arXiv.1810.04805},
  urldate = {2023-01-26},
  archiveprefix = {arxiv},
  keywords = {Computer Science - Computation and Language}
}

@inproceedings{du2018_GradientDescent,
  title = {Gradient Descent Provably Optimizes Over-Parameterized Neural Networks},
  booktitle = {International {{Conference}} on {{Learning Representations}}},
  author = {Du, Simon S. and Zhai, Xiyu and Poczos, Barnabas and Singh, Aarti},
  year = {2018},
  month = sep,
  url = {https://openreview.net/forum?id=S1eK3i09YQ},
  urldate = {2022-04-11},
  langid = {english},
  keywords = {\_tablet}
}

@article{du2018_GradientDescenta,
  title = {Gradient Descent Provably Optimizes Over-Parameterized Neural Networks},
  author = {Du, Simon S. and Zhai, Xiyu and Poczos, Barnabas and Singh, Aarti},
  year = {2018},
  journal = {arXiv preprint arXiv:1810.02054},
  eprint = {1810.02054},
  archiveprefix = {arxiv}
}

@inproceedings{du2019_GradientDescent,
  title = {Gradient Descent Finds Global Minima of Deep Neural Networks},
  booktitle = {Proceedings of the 36th {{International Conference}} on {{Machine Learning}}},
  author = {Du, Simon S. and Lee, Jason and Li, Haochuan and Wang, Liwei and Zhai, Xiyu},
  year = {2019},
  month = may,
  pages = {1675--1685},
  publisher = {{PMLR}},
  issn = {2640-3498},
  url = {https://proceedings.mlr.press/v97/du19c.html},
  urldate = {2022-04-11},
  langid = {english},
  keywords = {\_tablet}
}

@inproceedings{dutordoir2021_DeepNeural,
  title = {Deep Neural Networks as Point Estimates for Deep {{Gaussian}} Processes},
  booktitle = {Advances in {{Neural Information Processing Systems}}},
  author = {Dutordoir, Vincent and Hensman, James and {van der Wilk}, Mark and Ek, Carl Henrik and Ghahramani, Zoubin and Durrande, Nicolas},
  year = {2021},
  volume = {34},
  pages = {9443--9455},
  publisher = {{Curran Associates, Inc.}},
  url = {https://proceedings.neurips.cc/paper/2021/hash/4e6cd95227cb0c280e99a195be5f6615-Abstract.html},
  urldate = {2023-01-11}
}

@article{fan2020_SpectraConjugate,
  title = {Spectra of the Conjugate Kernel and Neural Tangent Kernel for Linear-Width Neural Networks},
  author = {Fan, Zhou and Wang, Zhichao},
  year = {2020},
  journal = {Advances in neural information processing systems},
  volume = {33},
  pages = {7710--7721}
}

@article{ferreira2008_IntegralOperators,
  title = {Integral Operators on the Sphere Generated by Positive Definite Smooth Kernels},
  author = {Ferreira, J. C. and Menegatto, V. A. and Peron, A. P.},
  year = {2008},
  month = oct,
  journal = {Journal of Complexity},
  volume = {24},
  number = {5},
  pages = {632--647},
  issn = {0885-064X},
  doi = {10.1016/j.jco.2008.04.001},
  urldate = {2023-01-19},
  langid = {english},
  keywords = {Eigenvalue estimates,Eigenvalues,Integral operators,Positive definite kernels,Sphere}
}

@article{ferreira2009_EigenvaluesIntegral,
  title = {Eigenvalues of Integral Operators Defined by Smooth Positive Definite Kernels},
  author = {Ferreira, J. C. and Menegatto, V. A.},
  year = {2009},
  month = may,
  journal = {Integral Equations and Operator Theory},
  volume = {64},
  number = {1},
  pages = {61--81},
  issn = {0378-620X, 1420-8989},
  doi = {10.1007/s00020-009-1680-3},
  urldate = {2022-10-18},
  langid = {english}
}

@article{ferreira2013_EigenvalueDecay,
  title = {Eigenvalue Decay Rates for Positive Integral Operators},
  author = {Ferreira, J. C. and Menegatto, V. A.},
  year = {2013},
  month = dec,
  journal = {Annali di Matematica Pura ed Applicata},
  volume = {192},
  number = {6},
  pages = {1025--1041},
  issn = {0373-3114, 1618-1891},
  doi = {10.1007/s10231-012-0256-z},
  urldate = {2022-10-18},
  langid = {english}
}

@article{fischer2020_SobolevNorm,
  title = {Sobolev Norm Learning Rates for Regularized Least-Squares Algorithms},
  author = {Fischer, Simon-Raphael and Steinwart, Ingo},
  year = {2020},
  journal = {Journal of Machine Learning Research},
  volume = {21},
  pages = {205:1-205:38},
  url = {https://www.semanticscholar.org/paper/248fb62f75dac19f02f683cecc2bf4929f3fcf6d},
  arxivid = {1702.07254},
  keywords = {KRR}
}

@inproceedings{frei2022_BenignOverfitting,
  title = {Benign Overfitting without Linearity: {{Neural}} Network Classifiers Trained by Gradient Descent for Noisy Linear Data},
  shorttitle = {Benign Overfitting without Linearity},
  booktitle = {Proceedings of {{Thirty Fifth Conference}} on {{Learning Theory}}},
  author = {Frei, Spencer and Chatterji, Niladri S. and Bartlett, Peter},
  year = {2022},
  month = jun,
  pages = {2668--2703},
  publisher = {{PMLR}},
  issn = {2640-3498},
  url = {https://proceedings.mlr.press/v178/frei22a.html},
  urldate = {2022-07-13},
  langid = {english}
}

@misc{gallier_NotesSpherical,
  title = {Notes on Spherical Harmonics and Linear Representations of Lie Groups},
  author = {Gallier, Jean},
  langid = {english}
}

@misc{gallier_NotesSphericala,
  title = {Notes on {{Spherical Harmonics}} and {{Linear Representations}} of {{Lie Groups}}},
  author = {Gallier, Jean},
  langid = {english}
}

@article{garriga-alonso2018_DeepConvolutional,
  title = {Deep Convolutional Networks as Shallow Gaussian Processes},
  author = {{Garriga-Alonso}, Adri{\`a} and Rasmussen, Carl Edward and Aitchison, Laurence},
  year = {2018},
  journal = {arXiv preprint arXiv:1808.05587},
  eprint = {1808.05587},
  archiveprefix = {arxiv}
}

@inproceedings{geifman2020_SimilarityLaplace,
  title = {On the Similarity between the {{Laplace}} and Neural Tangent Kernels},
  booktitle = {Advances in {{Neural Information Processing Systems}}},
  author = {Geifman, Amnon and Yadav, Abhay and Kasten, Yoni and Galun, Meirav and Jacobs, David and Ronen, Basri},
  year = {2020},
  volume = {33},
  pages = {1451--1461}
}

@article{gerfo2008_SpectralAlgorithms,
  title = {Spectral Algorithms for Supervised Learning},
  author = {Gerfo, L. Lo and Rosasco, Lorenzo and Odone, Francesca and Vito, E. De and Verri, Alessandro},
  year = {2008},
  journal = {Neural Computation},
  volume = {20},
  number = {7},
  pages = {1873--1897},
  publisher = {{MIT Press One Rogers Street, Cambridge, MA 02142-1209, USA journals-info {\ldots}}},
  doi = {10.1162/neco.2008.05-07-517},
  keywords = {Spectral algorithm}
}

@article{ghorbani2020_WhenNeural,
  title = {When Do Neural Networks Outperform Kernel Methods?},
  author = {Ghorbani, Behrooz and Mei, Song and Misiakiewicz, Theodor and Montanari, Andrea},
  year = {2020},
  journal = {Advances in Neural Information Processing Systems},
  volume = {33},
  pages = {14820--14830}
}

@article{ghorbani2021_LinearizedTwolayers,
  title = {Linearized Two-Layers Neural Networks in High Dimension},
  author = {Ghorbani, Behrooz and Mei, Song and Misiakiewicz, Theodor and Montanari, Andrea},
  year = {2021}
}

@article{gia2010_MultiscaleAnalysis,
  title = {Multiscale {{Analysis}} in {{Sobolev Spaces}} on the {{Sphere}}},
  author = {Gia, Q. T. Le and Sloan, I. H. and Wendland, H.},
  year = {2010},
  month = jan,
  journal = {SIAM Journal on Numerical Analysis},
  volume = {48},
  number = {6},
  pages = {2065--2090},
  publisher = {{Society for Industrial and Applied Mathematics}},
  issn = {0036-1429},
  doi = {10.1137/090774550},
  urldate = {2023-01-17},
  keywords = {46E35,65J10,approximation,interpolation,multiscale,radial basis functions,unit sphere}
}

@article{gia2010_MultiscaleAnalysisa,
  title = {Multiscale Analysis in {{Sobolev}} Spaces on the Sphere},
  author = {Gia, Q. T. Le and Sloan, I. H. and Wendland, H.},
  year = {2010},
  month = jan,
  journal = {SIAM Journal on Numerical Analysis},
  volume = {48},
  number = {6},
  pages = {2065--2090},
  publisher = {{Society for Industrial and Applied Mathematics}},
  issn = {0036-1429},
  doi = {10.1137/090774550},
  urldate = {2023-01-17},
  keywords = {46E35,65J10,approximation,interpolation,multiscale,radial basis functions,unit sphere}
}

@article{gneiting2013_StrictlyNonstrictly,
  title = {Strictly and Non-Strictly Positive Definite Functions on Spheres},
  author = {Gneiting, Tilmann},
  year = {2013},
  journal = {Bernoulli},
  volume = {19},
  number = {4},
  pages = {1327--1349},
  publisher = {{Bernoulli Society for Mathematical Statistics and Probability}}
}

@book{gyorfi2002_DistributionfreeTheory,
  title = {A Distribution-Free Theory of Nonparametric Regression},
  editor = {Gy{\"o}rfi, L{\'a}szl{\'o}},
  year = {2002},
  series = {Springer Series in Statistics},
  publisher = {{Springer}},
  address = {{New York}},
  isbn = {978-0-387-95441-7},
  langid = {english},
  lccn = {QA278.2 .D57 2002},
  keywords = {dblp,Distribution (Probability theory),Nonparametric statistics,Regression analysis}
}

@article{hanin2017_ApproximatingContinuous,
  title = {Approximating Continuous Functions by {{ReLU}} Nets of Minimal Width},
  author = {Hanin, Boris and Sellke, Mark},
  year = {2017},
  journal = {arXiv preprint arXiv:1710.11278},
  eprint = {1710.11278},
  archiveprefix = {arxiv}
}

@article{hanin2021_RandomNeural,
  title = {Random Neural Networks in the Infinite Width Limit as {{Gaussian}} Processes},
  author = {Hanin, Boris},
  year = {2021},
  journal = {arXiv preprint arXiv:2107.01562},
  eprint = {2107.01562},
  archiveprefix = {arxiv}
}

@misc{hastie2020_SurprisesHighdimensional,
  title = {Surprises in High-Dimensional Ridgeless Least Squares Interpolation},
  author = {Hastie, Trevor and Montanari, Andrea and Rosset, Saharon and Tibshirani, Ryan J.},
  year = {2020},
  month = dec,
  number = {arXiv:1903.08560},
  eprint = {1903.08560},
  primaryclass = {cs, math, stat},
  publisher = {{arXiv}},
  url = {http://arxiv.org/abs/1903.08560},
  urldate = {2022-10-18},
  archiveprefix = {arxiv},
  langid = {english},
  keywords = {Computer Science - Machine Learning,Mathematics - Statistics Theory,Statistics - Machine Learning}
}

@article{hayakawa2020_MinimaxOptimality,
  title = {On the Minimax Optimality and Superiority of Deep Neural Network Learning over Sparse Parameter Spaces},
  author = {Hayakawa, Satoshi and Suzuki, Taiji},
  year = {2020},
  journal = {Neural Networks},
  volume = {123},
  pages = {343--361},
  publisher = {{Elsevier}}
}

@inproceedings{hayou2022_CurseDepth,
  title = {The Curse of Depth in Kernel Regime},
  booktitle = {I ({{Still}}) {{Can}}'t {{Believe It}}'s {{Not Better}}! {{Workshop}} at {{NeurIPS}} 2021},
  author = {Hayou, Soufiane and Doucet, Arnaud and Rousseau, Judith},
  year = {2022},
  month = feb,
  pages = {41--47},
  publisher = {{PMLR}},
  issn = {2640-3498},
  url = {https://proceedings.mlr.press/v163/hayou22a.html},
  urldate = {2023-01-11},
  langid = {english}
}

@inproceedings{he2016deep,
  title = {Deep Residual Learning for Image Recognition},
  booktitle = {Proceedings of the {{IEEE}} Conference on Computer Vision and Pattern Recognition},
  author = {He, Kaiming and Zhang, Xiangyu and Ren, Shaoqing and Sun, Jian},
  year = {2016},
  pages = {770--778}
}

@book{horn2017_MatrixAnalysis,
  title = {Matrix Analysis},
  author = {Horn, Roger A. and Johnson, Charles R.},
  year = {2017},
  edition = {Second edition, corrected reprint},
  publisher = {{Cambridge University Press}},
  address = {{New York, NY}},
  isbn = {978-0-521-54823-6 978-0-521-83940-2},
  langid = {english}
}

@article{hornik1989_MultilayerFeedforward,
  title = {Multilayer Feedforward Networks Are Universal Approximators},
  author = {Hornik, Kurt and Stinchcombe, Maxwell and White, Halbert},
  year = {1989},
  journal = {Neural networks},
  volume = {2},
  number = {5},
  pages = {359--366},
  publisher = {{Elsevier}}
}

@article{hotelling1939_TubesSpheres,
  title = {Tubes and Spheres in N-Spaces, and a Class of Statistical Problems},
  author = {Hotelling, Harold},
  year = {1939},
  journal = {American Journal of Mathematics},
  volume = {61},
  number = {2},
  pages = {440--460},
  publisher = {{JSTOR}}
}

@inproceedings{hu2021_RegularizationMatters,
  title = {Regularization Matters: {{A}} Nonparametric Perspective on Overparametrized Neural Network},
  shorttitle = {Regularization Matters},
  booktitle = {International {{Conference}} on {{Artificial Intelligence}} and {{Statistics}}},
  author = {Hu, Tianyang and Wang, Wenjia and Lin, Cong and Cheng, Guang},
  year = {2021},
  pages = {829--837},
  publisher = {{PMLR}}
}

@misc{hu2022_SharpAsymptotics,
  title = {Sharp Asymptotics of Kernel Ridge Regression beyond the Linear Regime},
  author = {Hu, Hong and Lu, Yue M.},
  year = {2022},
  month = may,
  number = {arXiv:2205.06798},
  eprint = {2205.06798},
  primaryclass = {cs},
  publisher = {{arXiv}},
  url = {http://arxiv.org/abs/2205.06798},
  urldate = {2023-01-11},
  archiveprefix = {arxiv},
  langid = {english},
  keywords = {Computer Science - Machine Learning}
}

@inproceedings{huang2020_DynamicsDeep,
  title = {Dynamics of Deep Neural Networks and Neural Tangent Hierarchy},
  booktitle = {Proceedings of the 37th {{International Conference}} on {{Machine Learning}}},
  author = {Huang, Jiaoyang and Yau, Horng-Tzer},
  year = {2020},
  month = nov,
  pages = {4542--4551},
  publisher = {{PMLR}},
  issn = {2640-3498},
  url = {https://proceedings.mlr.press/v119/huang20l.html},
  urldate = {2023-01-15},
  langid = {english}
}

@inproceedings{huang2020_DynamicsDeepa,
  title = {Dynamics of Deep Neural Networks and Neural Tangent Hierarchy},
  booktitle = {International Conference on Machine Learning},
  author = {Huang, Jiaoyang and Yau, Horng-Tzer},
  year = {2020},
  pages = {4542--4551},
  publisher = {{PMLR}}
}

@misc{hubbert2022_SobolevSpaces,
  title = {Sobolev {{Spaces}}, {{Kernels}} and {{Discrepancies}} over {{Hyperspheres}}},
  author = {Hubbert, Simon and Porcu, Emilio and Oates, Chris J. and Girolami, Mark},
  year = {2022},
  month = nov,
  number = {arXiv:2211.09196},
  eprint = {2211.09196},
  primaryclass = {cs, stat},
  publisher = {{arXiv}},
  doi = {10.48550/arXiv.2211.09196},
  urldate = {2023-07-03},
  archiveprefix = {arxiv},
  keywords = {Computer Science - Machine Learning,Statistics - Machine Learning}
}

@misc{hubbert2022_SobolevSpacesa,
  title = {Sobolev {{Spaces}}, {{Kernels}} and {{Discrepancies}} over {{Hyperspheres}}},
  author = {Hubbert, Simon and Porcu, Emilio and Oates, Chris J. and Girolami, Mark},
  year = {2022},
  month = nov,
  number = {arXiv:2211.09196},
  eprint = {2211.09196},
  primaryclass = {cs, stat},
  publisher = {{arXiv}},
  doi = {10.48550/arXiv.2211.09196},
  urldate = {2023-07-03},
  archiveprefix = {arxiv},
  keywords = {Computer Science - Machine Learning,Statistics - Machine Learning}
}

@inproceedings{jacot2018_NeuralTangent,
  title = {Neural Tangent Kernel: {{Convergence}} and Generalization in Neural Networks},
  booktitle = {Advances in Neural Information Processing Systems},
  author = {Jacot, Arthur and Gabriel, Franck and Hongler, Clement},
  editor = {Bengio, S. and Wallach, H. and Larochelle, H. and Grauman, K. and {Cesa-Bianchi}, N. and Garnett, R.},
  year = {2018},
  volume = {31},
  publisher = {{Curran Associates, Inc.}},
  url = {https://proceedings.neurips.cc/paper/2018/file/5a4be1fa34e62bb8a6ec6b91d2462f5a-Paper.pdf}
}

@phdthesis{jin2022_GeneralizationWide,
  title = {Generalization of Wide Neural Networks from the Perspective of Linearization and Kernel Learning},
  author = {Jin, Hui},
  year = {2022},
  url = {https://escholarship.org/uc/item/0fp2p8tx},
  urldate = {2023-01-23},
  langid = {english},
  school = {UCLA}
}

@article{kac1955_DistributionEigenvalues,
  title = {Distribution of Eigenvalues of Certain Integral Operators.},
  author = {Kac, M.},
  year = {1955},
  journal = {Michigan Mathematical Journal},
  volume = {3},
  number = {2},
  pages = {141--148},
  publisher = {{University of Michigan, Department of Mathematics}}
}

@article{kanagawa2018_GaussianProcesses,
  title = {Gaussian Processes and Kernel Methods: {{A}} Review on Connections and Equivalences},
  shorttitle = {Gaussian Processes and Kernel Methods},
  author = {Kanagawa, Motonobu and Hennig, Philipp and Sejdinovic, Dino and Sriperumbudur, Bharath K.},
  year = {2018},
  journal = {arXiv preprint arXiv:1807.02582},
  eprint = {1807.02582},
  archiveprefix = {arxiv}
}

@inproceedings{karras2019_StylebasedGenerator,
  title = {A Style-Based Generator Architecture for Generative Adversarial Networks},
  booktitle = {Proceedings of the {{IEEE}}/{{CVF}} Conference on Computer Vision and Pattern Recognition},
  author = {Karras, Tero and Laine, Samuli and Aila, Timo},
  year = {2019},
  pages = {4401--4410}
}

@article{knessl1991_AsymptoticProperties,
  title = {Asymptotic Properties of Eigenvalues of Integral Equations},
  author = {Knessl, Charles and Keller, Joseph B.},
  year = {1991},
  month = feb,
  journal = {SIAM Journal on Applied Mathematics},
  volume = {51},
  number = {1},
  pages = {214--232},
  publisher = {{Society for Industrial and Applied Mathematics}},
  issn = {0036-1399},
  doi = {10.1137/0151013},
  urldate = {2022-10-25},
  keywords = {45B05,45L05,45M05,asymptotic expansions,Fredholm equations,integral equations}
}

@article{kohler2021_OverparametrizedDeep,
  title = {Over-Parametrized Deep Neural Networks Minimizing the Empirical Risk Do Not Generalize Well},
  author = {Kohler, Michael and Krzy{\.z}ak, Adam},
  year = {2021},
  month = nov,
  journal = {Bernoulli},
  volume = {27},
  number = {4},
  pages = {2564--2597},
  publisher = {{Bernoulli Society for Mathematical Statistics and Probability}},
  issn = {1350-7265},
  doi = {10.3150/21-BEJ1323},
  urldate = {2023-04-14},
  keywords = {neural networks,Nonparametric regression,over-parametrization,rate of convergence}
}

@article{koltchinskii2000_RandomMatrix,
  title = {Random Matrix Approximation of Spectra of Integral Operators},
  author = {Koltchinskii, V. and Gin{\'e}, E.},
  year = {2000},
  journal = {Bernoulli},
  volume = {6},
  pages = {113--167},
  doi = {10.2307/3318636}
}

@article{koltchinskii2000_RandomMatrixa,
  title = {Random Matrix Approximation of Spectra of Integral Operators},
  author = {Koltchinskii, Vladimir and Gin{\'e}, Evarist},
  year = {2000},
  journal = {Bernoulli},
  pages = {113--167},
  publisher = {{JSTOR}}
}

@article{krizhevsky2017_ImagenetClassification,
  title = {Imagenet Classification with Deep Convolutional Neural Networks},
  author = {Krizhevsky, Alex and Sutskever, Ilya and Hinton, Geoffrey E},
  year = {2017},
  journal = {Communications of the ACM},
  volume = {60},
  number = {6},
  pages = {84--90},
  publisher = {{AcM New York, NY, USA}}
}

@inproceedings{kuzborskij2021_NonparametricRegression,
  title = {Nonparametric Regression with Shallow Overparameterized Neural Networks Trained by {{GD}} with Early Stopping},
  booktitle = {Conference on {{Learning Theory}}},
  author = {Kuzborskij, Ilja and Szepesv{\'a}ri, Csaba},
  year = {2021},
  pages = {2853--2890},
  publisher = {{PMLR}}
}

@misc{lai2023_GeneralizationAbility,
  title = {Generalization Ability of Wide Neural Networks on {{R}}},
  author = {Lai, Jianfa and Xu, Manyun and Chen, Rui and Lin, Qian},
  year = {2023},
  month = feb,
  number = {arXiv:2302.05933},
  eprint = {2302.05933},
  primaryclass = {cs, stat},
  publisher = {{arXiv}},
  doi = {10.48550/arXiv.2302.05933},
  urldate = {2023-02-17},
  archiveprefix = {arxiv},
  keywords = {{62G08 (Primary), 68T07 (secondary), 46E22},Computer Science - Machine Learning,G.3,Statistics - Machine Learning}
}

@article{lee2017_DeepNeural,
  title = {Deep Neural Networks as Gaussian Processes},
  author = {Lee, Jaehoon and Bahri, Yasaman and Novak, Roman and Schoenholz, Samuel S. and Pennington, Jeffrey and {Sohl-Dickstein}, Jascha},
  year = {2017},
  journal = {arXiv preprint arXiv:1711.00165},
  eprint = {1711.00165},
  archiveprefix = {arxiv}
}

@inproceedings{lee2019_WideNeural,
  title = {Wide Neural Networks of Any Depth Evolve as Linear Models under Gradient Descent},
  booktitle = {Advances in {{Neural Information Processing Systems}}},
  author = {Lee, Jaehoon and Xiao, Lechao and Schoenholz, Samuel and Bahri, Yasaman and Novak, Roman and {Sohl-Dickstein}, Jascha and Pennington, Jeffrey},
  year = {2019},
  volume = {32},
  publisher = {{Curran Associates, Inc.}},
  url = {https://proceedings.neurips.cc/paper/2019/hash/0d1a9651497a38d8b1c3871c84528bd4-Abstract.html},
  urldate = {2022-04-12},
  keywords = {\_tablet}
}

@misc{lei2022_StabilityGeneralization,
  title = {Stability and Generalization Analysis of Gradient Methods for Shallow Neural Networks},
  author = {Lei, Yunwen and Jin, Rong and Ying, Yiming},
  year = {2022},
  month = sep,
  number = {arXiv:2209.09298},
  eprint = {2209.09298},
  primaryclass = {cs, stat},
  publisher = {{arXiv}},
  doi = {10.48550/arXiv.2209.09298},
  urldate = {2023-01-26},
  archiveprefix = {arxiv},
  keywords = {Computer Science - Machine Learning,Statistics - Machine Learning}
}

@article{li2018_LearningOverparameterized,
  title = {Learning Overparameterized Neural Networks via Stochastic Gradient Descent on Structured Data},
  author = {Li, Yuanzhi and Liang, Yingyu},
  year = {2018},
  journal = {Advances in neural information processing systems},
  volume = {31}
}

@article{li2023_KernelInterpolation,
  title = {Kernel Interpolation Generalizes Poorly},
  author = {Li, Yicheng and Zhang, Haobo and Lin, Qian},
  year = {2023},
  month = aug,
  journal = {Biometrika},
  eprint = {2303.15809},
  primaryclass = {cs, math, stat},
  pages = {asad048},
  issn = {0006-3444, 1464-3510},
  doi = {10.1093/biomet/asad048},
  urldate = {2023-10-12},
  archiveprefix = {arxiv},
  keywords = {Computer Science - Machine Learning,Mathematics - Statistics Theory}
}

@inproceedings{li2023_SaturationEffect,
  title = {On the Saturation Effect of Kernel Ridge Regression},
  booktitle = {International {{Conference}} on {{Learning Representations}}},
  author = {Li, Yicheng and Zhang, Haobo and Lin, Qian},
  year = {2023},
  month = feb,
  url = {https://openreview.net/forum?id=tFvr-kYWs_Y},
  urldate = {2023-02-02},
  langid = {english}
}

@article{liang2020_JustInterpolate,
  title = {Just Interpolate: {{Kernel}} "Ridgeless" Regression Can Generalize},
  shorttitle = {Just Interpolate},
  author = {Liang, Tengyuan and Rakhlin, Alexander},
  year = {2020},
  month = jun,
  journal = {The Annals of Statistics},
  volume = {48},
  number = {3},
  eprint = {1808.00387},
  primaryclass = {cs, math, stat},
  issn = {0090-5364},
  doi = {10.1214/19-AOS1849},
  urldate = {2022-08-14},
  archiveprefix = {arxiv},
  keywords = {Computer Science - Machine Learning,Mathematics - Statistics Theory,Statistics - Machine Learning}
}

@article{lin2018_OptimalRates,
  title = {Optimal Rates for Spectral Algorithms with Least-Squares Regression over {{Hilbert}} Spaces},
  author = {Lin, Junhong and Rudi, Alessandro and Rosasco, L. and Cevher, V.},
  year = {2018},
  journal = {Applied and Computational Harmonic Analysis},
  volume = {48},
  pages = {868--890},
  doi = {10.1016/j.acha.2018.09.009},
  arxivid = {1801.06720},
  keywords = {Spectral algorithm}
}

@inproceedings{liu2021_KernelRegression,
  title = {Kernel Regression in High Dimensions: {{Refined}} Analysis beyond Double Descent},
  shorttitle = {Kernel Regression in High Dimensions},
  booktitle = {International {{Conference}} on {{Artificial Intelligence}} and {{Statistics}}},
  author = {Liu, Fanghui and Liao, Zhenyu and Suykens, Johan},
  year = {2021},
  pages = {649--657},
  publisher = {{PMLR}}
}

@article{lu2017_ExpressivePower,
  title = {The Expressive Power of Neural Networks: {{A}} View from the Width},
  shorttitle = {The Expressive Power of Neural Networks},
  author = {Lu, Zhou and Pu, Hongming and Wang, Feicheng and Hu, Zhiqiang and Wang, Liwei},
  year = {2017},
  journal = {Advances in neural information processing systems},
  volume = {30}
}

@misc{lu2023_OptimalRate,
  title = {Optimal Rate of Kernel Regression in Large Dimensions},
  author = {Lu, Weihao and Zhang, Haobo and Li, Yicheng and Xu, Manyun and Lin, Qian},
  year = {2023},
  month = sep,
  number = {arXiv:2309.04268},
  eprint = {2309.04268},
  primaryclass = {cs, math, stat},
  publisher = {{arXiv}},
  url = {http://arxiv.org/abs/2309.04268},
  urldate = {2023-09-26},
  archiveprefix = {arxiv},
  keywords = {{62G08, 46E22, 68T07},Computer Science - Machine Learning,Mathematics - Statistics Theory,Statistics - Machine Learning}
}

@article{matthews2018_GaussianProcess,
  title = {Gaussian Process Behaviour in Wide Deep Neural Networks},
  author = {Matthews, Alexander G. de G. and Rowland, Mark and Hron, Jiri and Turner, Richard E. and Ghahramani, Zoubin},
  year = {2018},
  journal = {arXiv preprint arXiv:1804.11271},
  eprint = {1804.11271},
  archiveprefix = {arxiv}
}

@article{mendelson2010_RegularizationKernel,
  title = {Regularization in Kernel Learning},
  author = {Mendelson, Shahar and Neeman, Joseph},
  year = {2010},
  month = feb,
  journal = {The Annals of Statistics},
  volume = {38},
  number = {1},
  pages = {526--565},
  publisher = {{Institute of Mathematical Statistics}},
  issn = {0090-5364, 2168-8966},
  doi = {10.1214/09-AOS728},
  urldate = {2022-07-17},
  keywords = {68Q32 (Primary) 60G99 (Secondary),Empirical processes,least-squares,Mathematics - Statistics Theory,Model selection,regression,Regulation,‎reproducing kernel Hilbert ‎space}
}

@article{montanari2022_InterpolationPhase,
  title = {The Interpolation Phase Transition in Neural Networks: {{Memorization}} and Generalization under Lazy Training},
  shorttitle = {The Interpolation Phase Transition in Neural Networks},
  author = {Montanari, Andrea and Zhong, Yiqiao},
  year = {2022},
  journal = {The Annals of Statistics},
  volume = {50},
  number = {5},
  pages = {2816--2847},
  publisher = {{Institute of Mathematical Statistics}}
}

@article{murray2022_CharacterizingSpectrum,
  title = {Characterizing the Spectrum of the {{NTK}} via a Power Series Expansion},
  author = {Murray, Michael and Jin, Hui and Bowman, Benjamin and Montufar, Guido},
  year = {2022},
  journal = {arXiv preprint arXiv:2211.07844},
  eprint = {2211.07844},
  archiveprefix = {arxiv}
}

@inproceedings{nakkiran2019_DeepDouble,
  title = {Deep Double Descent: {{Where}} Bigger Models and More Data Hurt},
  shorttitle = {Deep Double Descent},
  booktitle = {International {{Conference}} on {{Learning Representations}}},
  author = {Nakkiran, Preetum and Kaplun, Gal and Bansal, Yamini and Yang, Tristan and Barak, Boaz and Sutskever, Ilya},
  year = {2019},
  month = sep,
  url = {https://openreview.net/forum?id=B1g5sA4twr},
  urldate = {2022-06-17},
  langid = {english}
}

@inproceedings{nguyen2021_TightBounds,
  title = {Tight Bounds on the Smallest Eigenvalue of the Neural Tangent Kernel for Deep {{ReLU}} Networks},
  booktitle = {International {{Conference}} on {{Machine Learning}}},
  author = {Nguyen, Quynh and Mondelli, Marco and Montufar, Guido F.},
  year = {2021},
  pages = {8119--8129},
  publisher = {{PMLR}}
}

@article{oymak2020_ModerateOverparameterizationa,
  title = {Toward Moderate Overparameterization: Global Convergence Guarantees for Training Shallow Neural Networks},
  shorttitle = {Toward Moderate Overparameterization},
  author = {Oymak, Samet and Soltanolkotabi, Mahdi},
  year = {2020},
  month = may,
  journal = {IEEE Journal on Selected Areas in Information Theory},
  volume = {1},
  number = {1},
  pages = {84--105},
  issn = {2641-8770},
  doi = {10.1109/JSAIT.2020.2991332},
  keywords = {Biological neural networks,Convergence,Information theory,Neural network training,nonconvex optimization,overparameterization,random matrix theory,Stochastic processes,Training,Training data}
}

@article{petersen2018_OptimalApproximation,
  title = {Optimal Approximation of Piecewise Smooth Functions Using Deep {{ReLU}} Neural Networks},
  author = {Petersen, Philipp and Voigtlaender, Felix},
  year = {2018},
  journal = {Neural Networks},
  volume = {108},
  pages = {296--330},
  publisher = {{Elsevier}}
}

@article{pietsch1983_EigenvaluesIntegral,
  title = {Eigenvalues of Integral Operators. {{II}}},
  author = {Pietsch, Albrecht},
  year = {1983},
  month = mar,
  journal = {Mathematische Annalen},
  volume = {262},
  number = {3},
  pages = {343--376},
  issn = {1432-1807},
  doi = {10.1007/BF01456014},
  urldate = {2022-10-25},
  langid = {english},
  keywords = {Integral Operator}
}

@misc{rakhlin2018_ConsistencyInterpolation,
  title = {Consistency of Interpolation with {{Laplace}} Kernels Is a High-Dimensional Phenomenon},
  author = {Rakhlin, Alexander and Zhai, Xiyu},
  year = {2018},
  month = dec,
  number = {arXiv:1812.11167},
  eprint = {1812.11167},
  primaryclass = {cs, math, stat},
  publisher = {{arXiv}},
  url = {http://arxiv.org/abs/1812.11167},
  urldate = {2022-12-21},
  archiveprefix = {arxiv},
  keywords = {Computer Science - Machine Learning,Mathematics - Statistics Theory,Statistics - Machine Learning}
}

@article{rastogi2017_OptimalRates,
  title = {Optimal Rates for the Regularized Learning Algorithms under General Source Condition},
  author = {Rastogi, Abhishake and Sampath, Sivananthan},
  year = {2017},
  journal = {Frontiers in Applied Mathematics and Statistics},
  volume = {3},
  doi = {10.3389/fams.2017.00003},
  arxivid = {1611.01900}
}

@article{richards2021_StabilityGeneralisation,
  title = {Stability \& Generalisation of Gradient Descent for Shallow Neural Networks without the Neural Tangent Kernel},
  author = {Richards, Dominic and Kuzborskij, Ilja},
  year = {2021},
  journal = {Advances in Neural Information Processing Systems},
  volume = {34},
  pages = {8609--8621}
}

@article{ronen2019_ConvergenceRate,
  title = {The Convergence Rate of Neural Networks for Learned Functions of Different Frequencies},
  author = {Ronen, Basri and Jacobs, David and Kasten, Yoni and Kritchman, Shira},
  year = {2019},
  journal = {Advances in Neural Information Processing Systems},
  volume = {32}
}

@article{rosenblatt1963_ResultsAsymptotic,
  title = {Some Results on the Asymptotic Behavior of Eigenvalues for a Class of Integral Equations with Translation Kernels},
  author = {Rosenblatt, Murray},
  year = {1963},
  journal = {Journal of Mathematics and Mechanics},
  pages = {619--628},
  publisher = {{JSTOR}}
}

@book{sawano2018_TheoryBesov,
  title = {Theory of {{Besov}} Spaces},
  author = {Sawano, Yoshihiro},
  year = {2018},
  series = {Developments in {{Mathematics}}},
  volume = {56},
  publisher = {{Springer Singapore}},
  address = {{Singapore}},
  doi = {10.1007/978-981-13-0836-9},
  urldate = {2022-07-12},
  isbn = {9789811308352 9789811308369},
  langid = {english}
}

@inproceedings{scetbon2021_SpectralAnalysis,
  title = {A Spectral Analysis of Dot-Product Kernels},
  booktitle = {Proceedings of {{The}} 24th {{International Conference}} on {{Artificial Intelligence}} and {{Statistics}}},
  author = {Scetbon, Meyer and Harchaoui, Zaid},
  year = {2021},
  month = mar,
  pages = {3394--3402},
  publisher = {{PMLR}},
  issn = {2640-3498},
  url = {https://proceedings.mlr.press/v130/scetbon21b.html},
  urldate = {2023-01-11},
  langid = {english}
}

@book{simon2015_OperatorTheory,
  title = {Operator Theory},
  author = {Simon, Barry},
  year = {2015},
  month = nov,
  publisher = {{American Mathematical Society}},
  address = {{Providence, Rhode Island}},
  doi = {10.1090/simon/004},
  urldate = {2022-07-12},
  isbn = {978-1-4704-1103-9 978-1-4704-2763-4},
  langid = {english}
}

@article{simon2021_NeuralTangent,
  title = {Neural Tangent Kernel Eigenvalues Accurately Predict Generalization},
  author = {Simon, James B. and Dickens, Madeline and DeWeese, Michael R.},
  year = {2021},
  journal = {arXiv preprint arXiv:2110.03922},
  eprint = {2110.03922},
  archiveprefix = {arxiv}
}

@article{smola2000_RegularizationDotproduct,
  title = {Regularization with Dot-Product Kernels},
  author = {Smola, Alex and Ov{\'a}ri, Zolt{\'a}n and Williamson, Robert C.},
  year = {2000},
  journal = {Advances in neural information processing systems},
  volume = {13}
}

@article{sriperumbudur2010_HilbertSpace,
  title = {Hilbert Space Embeddings and Metrics on Probability Measures},
  author = {Sriperumbudur, Bharath K. and Gretton, Arthur and Fukumizu, Kenji and Sch{\"o}lkopf, Bernhard and Lanckriet, Gert RG},
  year = {2010},
  journal = {The Journal of Machine Learning Research},
  volume = {11},
  pages = {1517--1561},
  publisher = {{JMLR. org}}
}

@article{stanton1978_PolyhedralSummability,
  title = {Polyhedral Summability of {{Fourier}} Series on Compact Lie Groups},
  author = {Stanton, Robert J. and Tomas, Peter A.},
  year = {1978},
  month = jun,
  journal = {American Journal of Mathematics},
  volume = {100},
  number = {3},
  eprint = {2373834},
  eprinttype = {jstor},
  pages = {477},
  issn = {00029327},
  doi = {10.2307/2373834},
  urldate = {2022-10-29}
}

@inproceedings{steinwart2009_OptimalRates,
  title = {Optimal Rates for Regularized Least Squares Regression},
  booktitle = {{{COLT}}},
  author = {Steinwart, Ingo and Hush, D. and Scovel, C.},
  year = {2009},
  pages = {79--93},
  url = {https://www.semanticscholar.org/paper/1dc0f2c3068eb4b56a7208b0cd3e42f8b79e5660},
  keywords = {Empirical processes}
}

@article{steinwart2012_MercerTheorem,
  title = {Mercer's Theorem on General Domains: {{On}} the Interaction between Measures, Kernels, and {{RKHSs}}},
  shorttitle = {Mercer's Theorem on General Domains},
  author = {Steinwart, Ingo and Scovel, C.},
  year = {2012},
  journal = {Constructive Approximation},
  volume = {35},
  number = {3},
  pages = {363--417},
  publisher = {{Springer}},
  doi = {10.1007/S00365-012-9153-3},
  isbn = {1432-0940},
  keywords = {Kernel}
}

@article{steinwart2019_ConvergenceTypes,
  title = {Convergence Types and Rates in Generic {{Karhunen-Loeve}} Expansions with Applications to Sample Path Properties},
  author = {Steinwart, Ingo},
  year = {2019},
  journal = {Potential Analysis},
  volume = {51},
  number = {3},
  pages = {361--395},
  publisher = {{Springer}}
}

@inproceedings{suh2021_NonparametricRegression,
  title = {A Non-Parametric Regression Viewpoint: {{Generalization}} of Overparametrized Deep {{ReLU}} Network under Noisy Observations},
  shorttitle = {A Non-Parametric Regression Viewpoint},
  booktitle = {International {{Conference}} on {{Learning Representations}}},
  author = {Suh, Namjoon and Ko, Hyunouk and Huo, Xiaoming},
  year = {2021}
}

@inproceedings{suh2022_NonparametricRegression,
  title = {A Non-Parametric Regression Viewpoint: {{Generalization}} of Overparametrized Deep {{ReLU}} Network under Noisy Observations},
  shorttitle = {A Non-Parametric Regression Viewpoint},
  booktitle = {International {{Conference}} on {{Learning Representations}}},
  author = {Suh, Namjoon and Ko, Hyunouk and Huo, Xiaoming},
  year = {2022},
  month = may,
  url = {https://openreview.net/forum?id=bZJbzaj_IlP},
  urldate = {2022-10-11},
  langid = {english}
}

@misc{suzuki2018_AdaptivityDeep,
  title = {Adaptivity of Deep {{ReLU}} Network for Learning in {{Besov}} and Mixed Smooth {{Besov}} Spaces: Optimal Rate and Curse of Dimensionality},
  shorttitle = {Adaptivity of Deep {{ReLU}} Network for Learning in {{Besov}} and Mixed Smooth {{Besov}} Spaces},
  author = {Suzuki, Taiji},
  year = {2018},
  month = oct,
  number = {arXiv:1810.08033},
  eprint = {1810.08033},
  primaryclass = {cs, stat},
  publisher = {{arXiv}},
  doi = {10.48550/arXiv.1810.08033},
  urldate = {2023-01-27},
  archiveprefix = {arxiv},
  keywords = {Computer Science - Machine Learning,Statistics - Machine Learning}
}

@article{telgarsky2015_RepresentationBenefits,
  title = {Representation Benefits of Deep Feedforward Networks},
  author = {Telgarsky, Matus},
  year = {2015},
  journal = {arXiv preprint arXiv:1509.08101},
  eprint = {1509.08101},
  archiveprefix = {arxiv}
}

@article{than2021_GeneralizationGANs,
  title = {Generalization of {{GANs}} and Overparameterized Models under {{Lipschitz}} Continuity},
  author = {Than, Khoat and Vu, Nghia},
  year = {2021},
  journal = {arXiv preprint arXiv:2104.02388},
  eprint = {2104.02388},
  archiveprefix = {arxiv}
}

@inproceedings{tirer2022_KernelbasedSmoothness,
  title = {Kernel-Based Smoothness Analysis of Residual Networks},
  booktitle = {Proceedings of the 2nd {{Mathematical}} and {{Scientific Machine Learning Conference}}},
  author = {Tirer, Tom and Bruna, Joan and Giryes, Raja},
  year = {2022},
  month = apr,
  pages = {921--954},
  publisher = {{PMLR}},
  issn = {2640-3498},
  url = {https://proceedings.mlr.press/v145/tirer22a.html},
  urldate = {2023-01-11},
  langid = {english}
}

@book{tsybakov2009_IntroductionNonparametric,
  title = {Introduction to Nonparametric Estimation},
  author = {Tsybakov, Alexandre B.},
  year = {2009},
  series = {Springer Series in Statistics},
  edition = {1st},
  publisher = {{Springer}},
  address = {{New York ; London}},
  isbn = {978-0-387-79051-0 978-0-387-79052-7},
  langid = {english},
  lccn = {QA278.8 .T79 2009},
  keywords = {Estimation theory,Nonparametric statistics},
  annotation = {OCLC: ocn300399286}
}

@book{vapnik1999_NatureStatistical,
  title = {The Nature of Statistical Learning Theory},
  author = {Vapnik, Vladimir},
  year = {1999},
  publisher = {{Springer science \& business media}}
}

@article{vershynin2010_IntroductionNonasymptotic,
  title = {Introduction to the Non-Asymptotic Analysis of Random Matrices},
  author = {Vershynin, Roman},
  year = {2010},
  journal = {arXiv preprint arXiv:1011.3027},
  eprint = {1011.3027},
  archiveprefix = {arxiv}
}

@book{vershynin2018_HighdimensionalProbability,
  title = {High-Dimensional Probability: {{An}} Introduction with Applications in Data Science},
  author = {Vershynin, Roman},
  year = {2018},
  volume = {47},
  publisher = {{Cambridge university press}},
  isbn = {1-108-24454-8}
}

@article{vyas2022_LimitationsNTK,
  title = {Limitations of the {{NTK}} for Understanding Generalization in Deep Learning},
  author = {Vyas, Nikhil and Bansal, Yamini and Nakkiran, Preetum},
  year = {2022},
  journal = {arXiv preprint arXiv:2206.10012},
  eprint = {2206.10012},
  archiveprefix = {arxiv}
}

@book{wendland2004_ScatteredData,
  title = {Scattered Data Approximation},
  author = {Wendland, Holger},
  year = {2004},
  series = {Cambridge {{Monographs}} on {{Applied}} and {{Computational Mathematics}}},
  publisher = {{Cambridge University Press}},
  address = {{Cambridge}},
  doi = {10.1017/CBO9780511617539},
  urldate = {2022-08-24},
  isbn = {978-0-521-84335-5}
}

@article{weyl1939_VolumeTubes,
  title = {On the Volume of Tubes},
  author = {Weyl, Hermann},
  year = {1939},
  journal = {American Journal of Mathematics},
  volume = {61},
  number = {2},
  pages = {461--472},
  publisher = {{JSTOR}}
}

@article{widom1963_AsymptoticBehavior,
  title = {Asymptotic Behavior of the Eigenvalues of Certain Integral Equations},
  author = {Widom, Harold},
  year = {1963},
  journal = {Transactions of the American Mathematical Society},
  volume = {109},
  number = {2},
  eprint = {1993907},
  eprinttype = {jstor},
  pages = {278--295},
  publisher = {{American Mathematical Society}},
  issn = {0002-9947},
  doi = {10.2307/1993907},
  urldate = {2022-10-25}
}

@inproceedings{xiao2022_EigenspaceRestructuring,
  title = {Eigenspace Restructuring: {{A}} Principle of Space and Frequency in Neural Networks},
  shorttitle = {Eigenspace Restructuring},
  booktitle = {Proceedings of {{Thirty Fifth Conference}} on {{Learning Theory}}},
  author = {Xiao, Lechao},
  year = {2022},
  month = jun,
  pages = {4888--4944},
  publisher = {{PMLR}},
  issn = {2640-3498},
  url = {https://proceedings.mlr.press/v178/xiao22a.html},
  urldate = {2023-01-11},
  langid = {english}
}

@article{yang2019_WideFeedforward,
  title = {Wide Feedforward or Recurrent Neural Networks of Any Architecture Are Gaussian Processes},
  author = {Yang, Greg},
  year = {2019},
  journal = {Advances in Neural Information Processing Systems},
  volume = {32}
}

@misc{yang2021_TensorPrograms,
  title = {Tensor Programs i: Wide Feedforward or Recurrent Neural Networks of Any Architecture Are Gaussian Processes},
  shorttitle = {Tensor Programs i},
  author = {Yang, Greg},
  year = {2021},
  month = may,
  number = {arXiv:1910.12478},
  eprint = {1910.12478},
  primaryclass = {cond-mat, physics:math-ph},
  publisher = {{arXiv}},
  doi = {10.48550/arXiv.1910.12478},
  urldate = {2023-01-15},
  archiveprefix = {arxiv},
  keywords = {Computer Science - Machine Learning,Computer Science - Neural and Evolutionary Computing,Condensed Matter - Disordered Systems and Neural Networks,Mathematical Physics}
}

@article{yao2007_EarlyStopping,
  title = {On Early Stopping in Gradient Descent Learning},
  author = {Yao, Yuan and Rosasco, Lorenzo and Caponnetto, Andrea},
  year = {2007},
  month = aug,
  journal = {Constructive Approximation},
  volume = {26},
  pages = {289--315},
  doi = {10.1007/s00365-006-0663-2}
}

@article{yarotsky2017_ErrorBounds,
  title = {Error Bounds for Approximations with Deep {{ReLU}} Networks},
  author = {Yarotsky, Dmitry},
  year = {2017},
  journal = {Neural Networks},
  volume = {94},
  pages = {103--114},
  publisher = {{Elsevier}}
}

@article{yehudai2019_PowerLimitations,
  title = {On the Power and Limitations of Random Features for Understanding Neural Networks},
  author = {Yehudai, Gilad and Shamir, Ohad},
  year = {2019},
  journal = {Advances in Neural Information Processing Systems},
  volume = {32}
}

@article{zhang2005_BoostingEarly,
  title = {Boosting with Early Stopping: {{Convergence}} and Consistency},
  author = {Zhang, Tong and Yu, Bin},
  year = {2005},
  journal = {The Annals of Statistics},
  volume = {33},
  number = {4},
  pages = {1538--1579},
  publisher = {{Institute of Mathematical Statistics}}
}

@misc{zhang2017_UnderstandingDeep,
  title = {Understanding Deep Learning Requires Rethinking Generalization},
  author = {Zhang, Chiyuan and Bengio, Samy and Hardt, Moritz and Recht, Benjamin and Vinyals, Oriol},
  year = {2017},
  month = feb,
  number = {arXiv:1611.03530},
  eprint = {1611.03530},
  primaryclass = {cs},
  publisher = {{arXiv}},
  url = {http://arxiv.org/abs/1611.03530},
  urldate = {2022-08-05},
  archiveprefix = {arxiv},
  langid = {english},
  keywords = {Computer Science - Machine Learning}
}

@misc{zhang2023_OptimalityMisspecified,
  title = {On the Optimality of Misspecified Spectral Algorithms},
  author = {Zhang, Haobo and Li, Yicheng and Lin, Qian},
  year = {2023},
  month = mar,
  number = {arXiv:2303.14942},
  eprint = {2303.14942},
  primaryclass = {math, stat},
  publisher = {{arXiv}},
  doi = {10.48550/arXiv.2303.14942},
  urldate = {2023-03-28},
  archiveprefix = {arxiv},
  keywords = {Mathematics - Statistics Theory}
}

@article{zou2020_GradientDescent,
  title = {Gradient Descent Optimizes Over-Parameterized Deep {{ReLU}} Networks},
  author = {Zou, Difan and Cao, Yuan and Zhou, Dongruo and Gu, Quanquan},
  year = {2020},
  month = mar,
  journal = {Machine Learning},
  volume = {109},
  number = {3},
  pages = {467--492},
  issn = {1573-0565},
  doi = {10.1007/s10994-019-05839-6},
  urldate = {2023-01-27},
  langid = {english},
  keywords = {Deep neural networks,Global convergence,Gradient descent,Over-parameterization,Random initialization}
}
