@inproceedings{chizat2018note,
  title={On lazy training in differentiable programming},
  author={Chizat, Lenaic and Oyallon, Edouard and Bach, Francis},
  booktitle=NEURIPS,
  year={2019}
}

@article{mei2018mean,
  title={A mean field view of the landscape of two-layer neural networks},
  author={Mei, Song and Montanari, Andrea and Nguyen, Phan-Minh},
  journal={Proceedings of the National Academy of Sciences},
  volume={115},
  number={33},
  pages={E7665--E7671},
  year={2018},
  publisher={National Acad Sciences}
}

@book{o2014analysis,
  title={Analysis of boolean functions},
  author={O'Donnell, Ryan},
  year={2014},
  publisher={Cambridge University Press}
}

@inproceedings{jacot2018neural,
  title={Neural tangent kernel: Convergence and generalization in neural networks},
  author={Jacot, Arthur and Gabriel, Franck and Hongler, Cl{\'e}ment},
  booktitle=NIPS,
  year={2018}
}

@book{neal1996bayesian,
  title={Bayesian learning for neural networks},
  author={Neal, Radford M},
  year={1996},
  publisher={Springer}
}

@inproceedings{cho2009kernel,
  title={Kernel methods for deep learning},
  author={Cho, Youngmin and Saul, Lawrence K},
  booktitle=NIPS,
  year={2009}
}

@inproceedings{daniely2016toward,
  title={Toward deeper understanding of neural networks: The power of initialization and a dual view on expressivity},
  author={Daniely, Amit and Frostig, Roy and Singer, Yoram},
  booktitle=NIPS,
  year={2016}
}

@inproceedings{lee2018deep,
  title={Deep neural networks as gaussian processes},
  author={Lee, Jaehoon and Bahri, Yasaman and Novak, Roman and Schoenholz, Samuel S and Pennington, Jeffrey and Sohl-Dickstein, Jascha},
  booktitle=ICLR,
  year={2018}
}

@article{matthews2018gaussian,
  title={Gaussian process behaviour in wide deep neural networks},
  author={Matthews, Alexander and Rowland, Mark and Hron, Jiri and Turner, Richard E and Ghahramani, Zoubin},
  journal={arXiv preprint arXiv:1804.11271},
  year={2018}
}

@article{bach2017equivalence,
  title={On the equivalence between kernel quadrature rules and random feature expansions},
  author={Bach, Francis},
  journal=JMLR,
  volume={18},
  number={1},
  pages={714--751},
  year={2017}
}

@article{bach2017breaking,
  title={Breaking the curse of dimensionality with convex neural networks},
  author={Bach, Francis},
  journal=JMLR,
  volume={18},
  number={1},
  pages={629--681},
  year={2017},
}

@article{bietti2019group,
  title={Group Invariance, Stability to Deformations, and Complexity of Deep Convolutional Representations},
  author={Bietti, Alberto and Mairal, Julien},
  journal=JMLR,
  volume={20},
  number={25},
  pages={1--49},
  year={2019}
}

@inproceedings{rahimi2007,
   title={Random features for large-scale kernel machines},
   author={Rahimi, Ali and Recht, Benjamin},
   booktitle=NIPS,
   year={2007}
}

@article{zhang2019all,
  title={Are All Layers Created Equal?},
  author={Zhang, Chiyuan and Bengio, Samy and Singer, Yoram},
  journal={arXiv preprint arXiv:1902.01996},
  year={2019}
}


@inproceedings{chizat2018global,
  title={On the global convergence of gradient descent for over-parameterized models using optimal transport},
  author={Chizat, Lenaic and Bach, Francis},
  booktitle=NEURIPS,
  year={2018}
}

@article{scetbon2020harmonic,
  title={Harmonic Decompositions of Convolutional Networks},
  author={Scetbon, Meyer and Harchaoui, Zaid},
  journal={arXiv preprint arXiv:2003.12756},
  year={2020}
}

@article{lin2000tensor,
  title={Tensor product space ANOVA models},
  author={Lin, Yi},
  journal={The Annals of Statistics},
  volume={28},
  number={3},
  pages={734--755},
  year={2000},
  publisher={Institute of Mathematical Statistics}
}

@article{azevedo2014sharp,
  title={Sharp estimates for eigenvalues of integral operators generated by dot product kernels on the sphere},
  author={Azevedo, Douglas and Menegatto, Valdir Antonio},
  journal={Journal of Approximation Theory},
  volume={177},
  pages={57--68},
  year={2014},
  publisher={Elsevier}
}

@book{atkinson2012spherical,
  title={Spherical harmonics and approximations on the unit sphere: an introduction},
  author={Atkinson, Kendall and Han, Weimin},
  volume={2044},
  year={2012},
  publisher={Springer Science \& Business Media}
}

@book{costas2014spherical,
  title={Spherical harmonics in p dimensions},
  author={Efthimiou, Costas and Frye, Christopher},
  year={2014},
  publisher={World Scientific}
}

@book{ismail2005classical,
  title={Classical and quantum orthogonal polynomials in one variable},
  author={Ismail, Mourad},
  volume={13},
  year={2005},
  publisher={Cambridge university press}
}

@inproceedings{ciliberto2019localized,
  title={Localized structured prediction},
  author={Ciliberto, Carlo and Bach, Francis and Rudi, Alessandro},
  booktitle=NEURIPS,
  pages={7301--7311},
  year={2019}
}

@inproceedings{basri2019convergence,
  title={The Convergence Rate of Neural Networks for Learned Functions of Different Frequencies},
  author={Basri, Ronen and Jacobs, David and Kasten, Yoni and Kritchman, Shira},
  booktitle=NEURIPS,
  year={2019}
}

@inproceedings{geifman2020similarity,
  title={On the Similarity between the Laplace and Neural Tangent Kernels},
  author={Geifman, Amnon and Yadav, Abhay and Kasten, Yoni and Galun, Meirav and Jacobs, David and Basri, Ronen},
  booktitle=NEURIPS,
  year={2020}
}

@inproceedings{arora2019harnessing,
  title={Harnessing the Power of Infinitely Wide Deep Nets on Small-data Tasks},
  author={Arora, Sanjeev and Du, Simon S and Li, Zhiyuan and Salakhutdinov, Ruslan and Wang, Ruosong and Yu, Dingli},
  booktitle=ICLR,
  year={2019}
}

@article{hornik1989multilayer,
  title={Multilayer feedforward networks are universal approximators},
  author={Hornik, Kurt and Stinchcombe, Maxwell and White, Halbert},
  journal={Neural networks},
  volume={2},
  number={5},
  pages={359--366},
  year={1989},
  publisher={Elsevier}
}

@article{pinkus1999approximation,
  title={Approximation theory of the MLP model in neural networks},
  author={Pinkus, Allan},
  journal={Acta numerica},
  volume={8},
  pages={143--195},
  year={1999},
  publisher={Cambridge University Press}
}

@inproceedings{smola2001regularization,
  title={Regularization with dot-product kernels},
  author={Smola, Alex J and Ovari, Zoltan L and Williamson, Robert C},
  booktitle=NIPS,
  year={2001}
}

@article{cucker2002mathematical,
  title={On the mathematical foundations of learning},
  author={Cucker, Felipe and Smale, Steve},
  journal={Bulletin of the American mathematical society},
  volume={39},
  number={1},
  pages={1--49},
  year={2002},
  publisher={Citeseer}
}

@article{caponnetto2007optimal,
  title={Optimal rates for the regularized least-squares algorithm},
  author={Caponnetto, Andrea and De Vito, Ernesto},
  journal={Foundations of Computational Mathematics},
  volume={7},
  number={3},
  pages={331--368},
  year={2007},
  publisher={Springer}
}

@article{yao2007early,
  title={On early stopping in gradient descent learning},
  author={Yao, Yuan and Rosasco, Lorenzo and Caponnetto, Andrea},
  journal={Constructive Approximation},
  volume={26},
  number={2},
  pages={289--315},
  year={2007},
  publisher={Springer}
}

@article{lin2018optimal,
  title={Optimal rates for spectral algorithms with least-squares regression over hilbert spaces},
  author={Lin, Junhong and Rudi, Alessandro and Rosasco, Lorenzo and Cevher, Volkan},
  journal={Applied and Computational Harmonic Analysis},
  year={2018},
  publisher={Elsevier}
}

@inproceedings{bach2013sharp,
  title={Sharp analysis of low-rank kernel matrix approximations},
  author={Bach, Francis},
  booktitle=COLT,
  year={2013}
}

@article{dieuleveut2016nonparametric,
  title={Nonparametric stochastic approximation with large step-sizes},
  author={Dieuleveut, Aymeric and Bach, Francis and others},
  journal={The Annals of Statistics},
  volume={44},
  number={4},
  pages={1363--1399},
  year={2016},
  publisher={Institute of Mathematical Statistics}
}

@inproceedings{rudi2017generalization,
  title={Generalization properties of learning with random features},
  author={Rudi, Alessandro and Rosasco, Lorenzo},
  booktitle={Advances in Neural Information Processing Systems},
  pages={3215--3225},
  year={2017}
}

@inproceedings{bietti2019inductive,
  title={On the inductive bias of neural tangent kernels},
  author={Bietti, Alberto and Mairal, Julien},
  booktitle=NEURIPS,
  year={2019}
}

@inproceedings{basri2020frequency,
  title={Frequency bias in neural networks for input of non-uniform density},
  author={Basri, Ronen and Galun, Meirav and Geifman, Amnon and Jacobs, David and Kasten, Yoni and Kritchman, Shira},
  booktitle=ICML,
  year={2020}
}

@inproceedings{belkin2018understand,
  title={To Understand Deep Learning We Need to Understand Kernel Learning},
  author={Belkin, Mikhail and Ma, Siyuan and Mandal, Soumik},
  booktitle=ICML,
  year={2018}
}


@article{ghorbani2019linearized,
  title={Linearized two-layers neural networks in high dimension},
  author={Ghorbani, Behrooz and Mei, Song and Misiakiewicz, Theodor and Montanari, Andrea},
  journal={arXiv preprint arXiv:1904.12191},
  year={2019}
}

@article{hesse2006lower,
  title={A lower bound for the worst-case cubature error on spheres of arbitrary dimension},
  author={Hesse, Kerstin},
  journal={Numerische Mathematik},
  volume={103},
  number={3},
  pages={413--433},
  year={2006},
  publisher={Springer}
}

@inproceedings{eldan2016power,
  title={The power of depth for feedforward neural networks},
  author={Eldan, Ronen and Shamir, Ohad},
  booktitle=COLT,
  year={2016}
}

@inproceedings{daniely2017depth,
  title={Depth Separation for Neural Networks},
  author={Daniely, Amit},
  booktitle=COLT,
  year={2017}
}

@inproceedings{telgarsky2016benefits,
  title={Benefits of depth in neural networks},
  author={Telgarsky, Matus},
  booktitle=COLT,
  year={2016}
}

@article{yarotsky2017error,
  title={Error bounds for approximations with deep ReLU networks},
  author={Yarotsky, Dmitry},
  journal={Neural Networks},
  volume={94},
  pages={103--114},
  year={2017},
  publisher={Elsevier}
}

@article{mhaskar2016deep,
  title={Deep vs. shallow networks: An approximation theory perspective},
  author={Mhaskar, Hrushikesh N and Poggio, Tomaso},
  journal={Analysis and Applications},
  volume={14},
  number={06},
  pages={829--848},
  year={2016},
  publisher={World Scientific}
}

@article{schmidt2020nonparametric,
  title={Nonparametric regression using deep neural networks with ReLU activation function},
  author={Schmidt-Hieber, Johannes and others},
  journal={Annals of Statistics},
  volume={48},
  number={4},
  pages={1875--1897},
  year={2020},
  publisher={Institute of Mathematical Statistics}
}

@inproceedings{schoenholz2016deep,
  title={Deep information propagation},
  author={Schoenholz, Samuel S and Gilmer, Justin and Ganguli, Surya and Sohl-Dickstein, Jascha},
  booktitle=ICLR,
  year={2017}
}

@article{scetbon2020risk,
  title={Risk Bounds for Multi-layer Perceptrons through Spectra of Integral Operators},
  author={Scetbon, Meyer and Harchaoui, Zaid},
  journal={arXiv preprint arXiv:2002.12640},
  year={2020}
}

@article{allen2020backward,
  title={Backward feature correction: How deep learning performs deep learning},
  author={Allen-Zhu, Zeyuan and Li, Yuanzhi},
  journal={arXiv preprint arXiv:2001.04413},
  year={2020}
}

@inproceedings{mairal2014convolutional,
  title={Convolutional kernel networks},
  author={Mairal, Julien and Koniusz, Piotr and Harchaoui, Zaid and Schmid, Cordelia},
  booktitle=NIPS,
  year={2014}
}

@inproceedings{chen2020towards,
  title={Towards Understanding Hierarchical Learning: Benefits of Neural Representations},
  author={Chen, Minshuo and Bai, Yu and Lee, Jason D and Zhao, Tuo and Wang, Huan and Xiong, Caiming and Socher, Richard},
  booktitle=NEURIPS,
  year={2020}
}

@inproceedings{chen2020deep,
  title={Deep Neural Tangent Kernel and Laplace Kernel Have the Same RKHS},
  author={Chen, Lin and Xu, Sheng},
  booktitle=ICLR,
  year={2021}
}

@inproceedings{he2015delving,
  title={Delving deep into rectifiers: Surpassing human-level performance on imagenet classification},
  author={He, Kaiming and Zhang, Xiangyu and Ren, Shaoqing and Sun, Jian},
  booktitle=CVPR,
  year={2015}
}

@inproceedings{du2019agradient,
  title={Gradient descent provably optimizes over-parameterized neural networks},
  author={Du, Simon S and Zhai, Xiyu and Poczos, Barnabas and Singh, Aarti},
  booktitle=ICLR,
  year={2019}
}

@inproceedings{du2019bgradient,
  title={Gradient descent finds global minima of deep neural networks},
  author={Du, Simon S and Lee, Jason D and Li, Haochuan and Wang, Liwei and Zhai, Xiyu},
  booktitle=ICML,
  year={2019}
}

@inproceedings{allen2019convergence,
  title={A convergence theory for deep learning via over-parameterization},
  author={Allen-Zhu, Zeyuan and Li, Yuanzhi and Song, Zhao},
  booktitle=ICML,
  year={2019}
}

@inproceedings{li2018learning,
  title={Learning overparameterized neural networks via stochastic gradient descent on structured data},
  author={Li, Yuanzhi and Liang, Yingyu},
  booktitle=NEURIPS,
  year={2018}
}

@article{zou2019stochastic,
  title={Stochastic gradient descent optimizes over-parameterized deep relu networks},
  author={Zou, Difan and Cao, Yuan and Zhou, Dongruo and Gu, Quanquan},
  journal=MACH,
  year={2019}
}

@article{el2010spectrum,
  title={The spectrum of kernel random matrices},
  author={El Karoui, Noureddine},
  journal={The Annals of Statistics},
  volume={38},
  number={1},
  pages={1--50},
  year={2010},
  publisher={Institute of Mathematical Statistics}
}

@inproceedings{liang2019risk,
  title={On the risk of minimum-norm interpolants and restricted lower isometry of kernels},
  author={Liang, Tengyuan and Rakhlin, Alexander and Zhai, Xiyu},
  booktitle=COLT,
  year={2020}
}

@inproceedings{minh2006mercer,
  title={Mercer’s theorem, feature maps, and smoothing},
  author={Minh, Ha Quang and Niyogi, Partha and Yao, Yuan},
  booktitle=COLT,
  year={2006}
}

@inproceedings{fan2020spectra,
  title={Spectra of the Conjugate Kernel and Neural Tangent Kernel for linear-width neural networks},
  author={Fan, Zhou and Wang, Zhichao},
  booktitle=NEURIPS,
  year={2020}
}

@article{cao2019towards,
  title={Towards understanding the spectral bias of deep learning},
  author={Cao, Yuan and Fang, Zhiying and Wu, Yue and Zhou, Ding-Xuan and Gu, Quanquan},
  journal={arXiv preprint arXiv:1912.01198},
  year={2019}
}

@inproceedings{arora2019fine,
  title={Fine-grained analysis of optimization and generalization for overparameterized two-layer neural networks},
  author={Arora, Sanjeev and Du, Simon S and Hu, Wei and Li, Zhiyuan and Wang, Ruosong},
  booktitle=ICML,
  year={2019}
}

@inproceedings{allen2019learning,
  title={Learning and generalization in overparameterized neural networks, going beyond two layers},
  author={Allen-Zhu, Zeyuan and Li, Yuanzhi and Liang, Yingyu},
  booktitle=NEURIPS,
  year={2019}
}

@inproceedings{allen2019convergence,
  title={On the convergence rate of training recurrent neural networks},
  author={Allen-Zhu, Zeyuan and Li, Yuanzhi and Song, Zhao},
  booktitle=NEURIPS,
  year={2019}
}

@article{brand2020training,
  title={Training (Overparametrized) Neural Networks in Near-Linear Time},
  author={Brand, Jan van den and Peng, Binghui and Song, Zhao and Weinstein, Omri},
  journal={arXiv preprint arXiv:2006.11648},
  year={2020}
}

@article{song2019quadratic,
  title={Quadratic suffices for over-parametrization via matrix chernoff bound},
  author={Song, Zhao and Yang, Xin},
  journal={arXiv preprint arXiv:1906.03593},
  year={2019}
}

@inproceedings{arora2019exact,
  title={On exact computation with an infinitely wide neural net},
  author={Arora, Sanjeev and Du, Simon S and Hu, Wei and Li, Zhiyuan and Salakhutdinov, Russ R and Wang, Ruosong},
  booktitle=NEURIPS,
  year={2019}
}

@inproceedings{lee2020generalized,
  title={Generalized Leverage Score Sampling for Neural Networks},
  author={Lee, Jason D and Shen, Ruoqi and Song, Zhao and Wang, Mengdi and others},
  booktitle=NEURIPS,
  year={2020}
}

@inproceedings{xie2017diverse,
  title={Diverse neural network learns true target functions},
  author={Xie, Bo and Liang, Yingyu and Song, Le},
  booktitle=AISTATS,
  year={2017},
}

@article{yang2019fine,
  title={A fine-grained spectral perspective on neural networks},
  author={Yang, Greg and Salman, Hadi},
  journal={arXiv preprint arXiv:1907.10599},
  year={2019}
}

@book{flajolet2009analytic,
  title={Analytic combinatorics},
  author={Flajolet, Philippe and Sedgewick, Robert},
  year={2009},
  publisher={Cambridge University press}
}