@inproceedings{langley00,
 author    = {P. Langley},
 title     = {Crafting Papers on Machine Learning},
 year      = {2000},
 pages     = {1207--1216},
 editor    = {Pat Langley},
 booktitle     = {Proceedings of the 17th International Conference
              on Machine Learning (ICML 2000)},
 address   = {Stanford, CA},
 publisher = {Morgan Kaufmann}
}

@TechReport{mitchell80,
  author = 	 "T. M. Mitchell",
  title = 	 "The Need for Biases in Learning Generalizations",
  institution =  "Computer Science Department, Rutgers University",
  year = 	 "1980",
  address =	 "New Brunswick, MA",
}

@phdthesis{kearns89,
  author = {M. J. Kearns},
  title =  {Computational Complexity of Machine Learning},
  school = {Department of Computer Science, Harvard University},
  year =   {1989}
}

@Book{MachineLearningI,
  editor = 	 "R. S. Michalski and J. G. Carbonell and T.
		  M. Mitchell",
  title = 	 "Machine Learning: An Artificial Intelligence
		  Approach, Vol. I",
  publisher = 	 "Tioga",
  year = 	 "1983",
  address =	 "Palo Alto, CA"
}

@Book{DudaHart2nd,
  author =       "R. O. Duda and P. E. Hart and D. G. Stork",
  title =        "Pattern Classification",
  publisher =    "John Wiley and Sons",
  edition =      "2nd",
  year =         "2000"
}

@misc{anonymous,
  title= {Suppressed for Anonymity},
  author= {Author, N. N.},
  year= {2021}
}

@InCollection{Newell81,
  author =       "A. Newell and P. S. Rosenbloom",
  title =        "Mechanisms of Skill Acquisition and the Law of
                  Practice", 
  booktitle =    "Cognitive Skills and Their Acquisition",
  pages =        "1--51",
  publisher =    "Lawrence Erlbaum Associates, Inc.",
  year =         "1981",
  editor =       "J. R. Anderson",
  chapter =      "1",
  address =      "Hillsdale, NJ"
}


@Article{Samuel59,
  author = 	 "A. L. Samuel",
  title = 	 "Some Studies in Machine Learning Using the Game of
		  Checkers",
  journal =	 "IBM Journal of Research and Development",
  year =	 "1959",
  volume =	 "3",
  number =	 "3",
  pages =	 "211--229"
}
@incollection{Bengio+chapter2007,
author = {Bengio, Yoshua and LeCun, Yann},
booktitle = {Large Scale Kernel Machines},
publisher = {MIT Press},
title = {Scaling Learning Algorithms Towards {AI}},
year = {2007}
}

@article{Hinton06,
author = {Hinton, Geoffrey E. and Osindero, Simon and Teh, Yee Whye},
journal = {Neural Computation},
pages = {1527--1554},
title = {A Fast Learning Algorithm for Deep Belief Nets},
volume = {18},
year = {2006}
}

@book{goodfellow2016deep,
title={Deep learning},
author={Goodfellow, Ian and Bengio, Yoshua and Courville, Aaron and Bengio, Yoshua},
volume={1},
year={2016},
publisher={MIT Press}
}



@article{ma2017diving,
  title={Diving into the shallows: a computational perspective on large-scale shallow learning},
  author={Ma, Siyuan and Belkin, Mikhail},
  journal={Advances in neural information processing systems},
  volume={30},
  year={2017}
}


@book{boyd2004convex,
  title={Convex optimization},
  author={Boyd, Stephen and Boyd, Stephen P and Vandenberghe, Lieven},
  year={2004},
  publisher={Cambridge university press}
}

@article{lee2020generalized,
  title={Generalized leverage score sampling for neural networks},
  author={Lee, Jason D and Shen, Ruoqi and Song, Zhao and Wang, Mengdi and others},
  journal={Advances in Neural Information Processing Systems},
  volume={33},
  pages={10775--10787},
  year={2020}
}
@inproceedings{wang2021modular,
  title={A Modular Analysis of Provable Acceleration via Polyak’s Momentum: Training a Wide ReLU Network and a Deep Linear Network},
  author={Wang, Jun-Kun and Lin, Chi-Heng and Abernethy, Jacob D},
  booktitle={International Conference on Machine Learning},
  pages={10816--10827},
  year={2021},
  organization={PMLR}
}


@inproceedings{arora2019fine,
  title={Fine-grained analysis of optimization and generalization for overparameterized two-layer neural networks},
  author={Arora, Sanjeev and Du, Simon and Hu, Wei and Li, Zhiyuan and Wang, Ruosong},
  booktitle={International Conference on Machine Learning},
  pages={322--332},
  year={2019},
  organization={PMLR}
}

@article{brand2020training,
  title={Training (overparametrized) neural networks in near-linear time},
  author={Brand, Jan van den and Peng, Binghui and Song, Zhao and Weinstein, Omri},
  journal={arXiv preprint arXiv:2006.11648},
  year={2020}
}

@article{liu2022provable,
  title={Provable convergence of Nesterov’s accelerated gradient method for over-parameterized neural networks},
  author={Liu, Xin and Pan, Zhisong and Tao, Wei},
  journal={Knowledge-Based Systems},
  pages={109277},
  year={2022},
  publisher={Elsevier}
}
@article{song2021training,
  title={Training Multi-Layer Over-Parametrized Neural Network in Subquadratic Time},
  author={Song, Zhao and Zhang, Lichen and Zhang, Ruizhe},
  journal={arXiv preprint arXiv:2112.07628},
  year={2021}
}
@inproceedings{li2016preconditioned,
  title={Preconditioned stochastic gradient Langevin dynamics for deep neural networks},
  author={Li, Chunyuan and Chen, Changyou and Carlson, David and Carin, Lawrence},
  booktitle={Thirtieth AAAI Conference on Artificial Intelligence},
  year={2016}
}


@article{duchi2011adaptive,
  title={Adaptive subgradient methods for online learning and stochastic optimization.},
  author={Duchi, John and Hazan, Elad and Singer, Yoram},
  journal={Journal of machine learning research},
  volume={12},
  number={7},
  year={2011}
}

@article{carlson2015preconditioned,
  title={Preconditioned spectral descent for deep learning},
  author={Carlson, David E and Collins, Edo and Hsieh, Ya-Ping and Carin, Lawrence and Cevher, Volkan},
  journal={Advances in neural information processing systems},
  volume={28},
  year={2015}
}

@article{lee2019wide,
  title={Wide neural networks of any depth evolve as linear models under gradient descent},
  author={Lee, Jaehoon and Xiao, Lechao and Schoenholz, Samuel and Bahri, Yasaman and Novak, Roman and Sohl-Dickstein, Jascha and Pennington, Jeffrey},
  journal={Advances in neural information processing systems},
  volume={32},
  year={2019}
}
@inproceedings{basri2020frequency,
  title={Frequency bias in neural networks for input of non-uniform density},
  author={Basri, Ronen and Galun, Meirav and Geifman, Amnon and Jacobs, David and Kasten, Yoni and Kritchman, Shira},
  booktitle={International Conference on Machine Learning},
  pages={685--694},
  year={2020},
  organization={PMLR}
}

@article{yang2019scaling,
  title={Scaling limits of wide neural networks with weight sharing: Gaussian process behavior, gradient independence, and neural tangent kernel derivation},
  author={Yang, Greg},
  journal={arXiv preprint arXiv:1902.04760},
  year={2019}
}
@article{bengio2004learning,
  title={Learning eigenfunctions links spectral embedding and kernel PCA},
  author={Bengio, Yoshua and Delalleau, Olivier and Roux, Nicolas Le and Paiement, Jean-Fran{\c{c}}ois and Vincent, Pascal and Ouimet, Marie},
  journal={Neural computation},
  volume={16},
  number={10},
  pages={2197--2219},
  year={2004},
  publisher={MIT Press One Rogers Street, Cambridge, MA 02142-1209, USA journals-info~…}
}

@article{rosasco2010learning,
  title={On learning with integral operators.},
  author={Rosasco, Lorenzo and Belkin, Mikhail and De Vito, Ernesto},
  journal={Journal of Machine Learning Research},
  volume={11},
  number={2},
  year={2010}
}

@phdthesis{braun2005spectral,
  title={Spectral properties of the kernel matrix and their relation to kernel methods in machine learning},
  author={Braun, Mikio Ludwig},
  year={2005},
  school={Universit{\"a}ts-und Landesbibliothek Bonn}
}
@inproceedings{ma2018power,
  title={The power of interpolation: Understanding the effectiveness of SGD in modern over-parametrized learning},
  author={Ma, Siyuan and Bassily, Raef and Belkin, Mikhail},
  booktitle={International Conference on Machine Learning},
  pages={3325--3334},
  year={2018},
  organization={PMLR}
}
@article{ma2019kernel,
  title={Kernel machines that adapt to GPUs for effective large batch training},
  author={Ma, Siyuan and Belkin, Mikhail},
  journal={Proceedings of Machine Learning and Systems},
  volume={1},
  pages={360--373},
  year={2019}
}

@inproceedings{scholkopf2001generalized,
  title={A generalized representer theorem},
  author={Sch{\"o}lkopf, Bernhard and Herbrich, Ralf and Smola, Alex J},
  booktitle={International conference on computational learning theory},
  pages={416--426},
  year={2001},
  organization={Springer}
}

@article{yang2020tensor,
  title={Tensor programs ii: Neural tangent kernel for any architecture},
  author={Yang, Greg},
  journal={arXiv preprint arXiv:2006.14548},
  year={2020}
}

@inproceedings{yang2021tensor,
  title={Tensor programs iib: Architectural universality of neural tangent kernel training dynamics},
  author={Yang, Greg and Littwin, Etai},
  booktitle={International Conference on Machine Learning},
  pages={11762--11772},
  year={2021},
  organization={PMLR}
}
@article{du2018gradient,
  title={Gradient descent provably optimizes over-parameterized neural networks},
  author={Du, Simon S and Zhai, Xiyu and Poczos, Barnabas and Singh, Aarti},
  journal={International Conference on Learning Representations (ICLR)},
  year={2019}
}
@article{radhakrishnan2018memorization,
  title={Memorization in overparameterized autoencoders},
  author={Radhakrishnan, Adityanarayanan and Yang, Karren and Belkin, Mikhail and Uhler, Caroline},
  journal={arXiv preprint arXiv:1810.10333},
  year={2018}
}
@article{arora2019exact,
  title={On exact computation with an infinitely wide neural net},
  author={Arora, Sanjeev and Du, Simon S and Hu, Wei and Li, Zhiyuan and Salakhutdinov, Ruslan and Wang, Ruosong},
  journal={arXiv preprint arXiv:1904.11955},
  year={2019}
}
@article{mei2021learning,
  title={Learning with invariances in random features and kernel models},
  author={Mei, Song and Misiakiewicz, Theodor and Montanari, Andrea},
  journal={arXiv preprint arXiv:2102.13219},
  year={2021}
}

@article{smola2001regularization,
  title={Regularization with dot-product kernels},
  author={Smola, Alex J and Ovari, Zoltan L and Williamson, Robert C and others},
  journal={Advances in neural information processing systems},
  pages={308--314},
  year={2001},
  publisher={MIT; 1998}
}

@article{dhahri2014multi,
  title={Multi-variable orthogonal polynomials},
  author={Dhahri, Abdallah},
  journal={arXiv preprint arXiv:1401.5434},
  year={2014}
}

@article{jacot2018neural,
  title={Neural tangent kernel: Convergence and generalization in neural networks},
  author={Jacot, Arthur and Gabriel, Franck and Hongler, Cl{\'e}ment},
  journal={Advances in neural information processing systems},
  volume={31},
  year={2018}
}

@article{bietti2020deep,
  title={Deep equals shallow for ReLU networks in kernel regimes},
  author={Bietti, Alberto and Bach, Francis},
  journal={arXiv preprint arXiv:2009.14397},
  year={2020}
}

@article{chen2020deep,
  title={Deep neural tangent kernel and laplace kernel have the same RKHS},
  author={Chen, Lin and Xu, Sheng},
  journal={arXiv preprint arXiv:2009.10683},
  year={2020}
}
@article{azevedo2015eigenvalues,
  title={Eigenvalues of dot-product kernels on the sphere},
  author={Azevedo, Douglas and Menegatto, Valdir A},
  journal={Proceeding Series of the Brazilian Society of Computational and Applied Mathematics},
  volume={3},
  number={1},
  year={2015}
}

@book{flajolet2009analytic,
  title={Analytic combinatorics},
  author={Flajolet, Philippe and Sedgewick, Robert},
  year={2009},
  publisher={cambridge University press}
}

@article{aronszajn1950theory,
  title={Theory of reproducing kernels},
  author={Aronszajn, Nachman},
  journal={Transactions of the American mathematical society},
  volume={68},
  number={3},
  pages={337--404},
  year={1950},
  publisher={JSTOR}
}

@article{robbins1955remark,
  title={A remark on Stirling's formula},
  author={Robbins, Herbert},
  journal={The American mathematical monthly},
  volume={62},
  number={1},
  pages={26--29},
  year={1955},
  publisher={JSTOR}
}

@article{bietti2021sample,
  title={On the Sample Complexity of Learning with Geometric Stability},
  author={Bietti, Alberto and Venturi, Luca and Bruna, Joan},
  journal={arXiv preprint arXiv:2106.07148},
  year={2021}
}
@inproceedings{scetbon2021spectral,
  title={A Spectral Analysis of Dot-product Kernels},
  author={Scetbon, Meyer and Harchaoui, Zaid},
  booktitle={International Conference on Artificial Intelligence and Statistics},
  pages={3394--3402},
  year={2021},
  organization={PMLR}
}
@article{zwicknagl2009power,
  title={Power series kernels},
  author={Zwicknagl, Barbara},
  journal={Constructive Approximation},
  volume={29},
  number={1},
  pages={61--84},
  year={2009},
  publisher={Springer}
}

@article{schumann2019multivariate,
  title={Multivariate Bell Polynomials and Derivatives of Composed Functions},
  author={Schumann, Aidan},
  journal={arXiv preprint arXiv:1903.03899},
  year={2019}
}

@inproceedings{Basri2019TheCR,
  title = {The Convergence Rate of Neural Networks for Learned Functions of Different Frequencies},
  author = {Ronen Basri and David W. Jacobs and Yoni Kasten and Shira Kritchman},
  year = {2019},
    pages = {4763-4772},
  booktitle = {Advances in Neural Information Pro-cessing Systems},
  editor = {Hanna M. Wallach and Hugo Larochelle and Alina Beygelzimer and Florence d'Alché-Buc and Edward A. Fox and Roman Garnett}
}

@article{cao2019generalization,
  title={Generalization bounds of stochastic gradient descent for wide and deep neural networks},
  author={Cao, Yuan and Gu, Quanquan},
  journal={Advances in Neural Information Processing Systems},
  volume={32},
  pages={10836--10846},
  year={2019}
}

@article{chen2020generalized,
  title={A generalized neural tangent kernel analysis for two-layer neural networks},
  author={Chen, Zixiang and Cao, Yuan and Gu, Quanquan and Zhang, Tong},
  journal={arXiv preprint arXiv:2002.04026},
  year={2020}
}

@article{geifman2020similarity,
  title={On the similarity between the laplace and neural tangent kernels},
  author={Geifman, Amnon and Yadav, Abhay and Kasten, Yoni and Galun, Meirav and Jacobs, David and Basri, Ronen},
  journal={Advances in Neural Information Processing Systems 33: Annual Conference
               on Neural Information Processing Systems 2020, NeurIPS 2020, December
               6-12, 2020, virtual},
  year={2020}
}

@article{chen2020laplace,
  title={Deep neural tangent kernel and laplace kernel have the same RKHS},
  author={Chen, Lin and Xu, Sheng}, journal={International Conference on Learning Representations},
  year={2020}
}

@article{novak2018bayesian,
  title={Bayesian deep convolutional networks with many channels are gaussian processes},
  author={Novak, Roman and Xiao, Lechao and Lee, Jaehoon and Bahri, Yasaman and Yang, Greg and Hron, Jiri and Abolafia, Daniel A and Pennington, Jeffrey and Sohl-Dickstein, Jascha},
  journal={arXiv preprint arXiv:1810.05148},
  year={2018}
}

@InProceedings{rahaman2019spectral,
  title = 	 {On the Spectral Bias of Neural Networks},
  author = 	 {Rahaman, Nasim and Baratin, Aristide and Arpit, Devansh and Draxler, Felix and Lin, Min and Hamprecht, Fred and Bengio, Yoshua and Courville, Aaron},
  booktitle = 	 {Proceedings of the 36th International Conference on Machine Learning},
  pages = 	 {5301--5310},
  year = 	 {2019},
  editor = 	 {Chaudhuri, Kamalika and Salakhutdinov, Ruslan},
  volume = 	 {97},
  series = 	 {Proceedings of Machine Learning Research},
  publisher = 	 {PMLR}
  }
@article{cao2019,
    title={Towards Understanding the Spectral Bias of Deep Learning},
    author={Yuan Cao and Zhiying Fang and Yue Wu and Ding-Xuan Zhou and Quanquan Gu},
    year={2019},
    journal={arXiv preprint arXiv:2009.01198}
}

@article{liang2020just,
  title={Just interpolate: Kernel “ridgeless” regression can generalize},
  author={Liang, Tengyuan and Rakhlin, Alexander and others},
  journal={Annals of Statistics},
  volume={48},
  number={3},
  pages={1329--1347},
  year={2020},
  publisher={Institute of Mathematical Statistics}
}

@article{liang2019risk,
  title={On the risk of minimum-norm interpolants and restricted lower isometry of kernels},
  author={Liang, Tengyuan and Rakhlin, Alexander and Zhai, Xiyu},
  journal={arXiv preprint arXiv:1908.10292},
  year={2019}
}

@article{pagliana2020interpolation,
  title={Interpolation and Learning with Scale Dependent Kernels},
  author={Pagliana, Nicol{\`o} and Rudi, Alessandro and De Vito, Ernesto and Rosasco, Lorenzo},
  journal={arXiv preprint arXiv:2006.09984},
  year={2020}
}

@inproceedings{he2016deep,
  title={Deep residual learning for image recognition},
  author={He, Kaiming and Zhang, Xiangyu and Ren, Shaoqing and Sun, Jian},
  booktitle={Proceedings of the IEEE conference on computer vision and pattern recognition},
  pages={770--778},
  year={2016}
}

@article{bietti2019inductive,
  title={On the inductive bias of neural tangent kernels},
  author={Bietti, Alberto and Mairal, Julien},
  journal={arXiv preprint arXiv:1905.12173},
  year={2019}
}


@article{misiakiewicz2021learning,
  title={Learning with convolution and pooling operations in kernel methods},
  author={Misiakiewicz, Theodor and Mei, Song},
  journal={arXiv preprint arXiv:2111.08308},
  year={2021}
}

@article{abbe2021staircase,
  title={The staircase property: How hierarchical structure can guide deep learning},
  author={Abbe, Emmanuel and Boix Adsera, Enric and Brennan, Matthew and Bresler, Guy and Nagaraj, Dheeraj},
  journal={Advances in Neural Information Processing Systems},
  volume={34},
  year={2021}
}

@article{bietti2021approximation,
  title={Approximation and Learning with Deep Convolutional Models: a Kernel Perspective},
  author={Bietti, Alberto},
  journal={arXiv preprint arXiv:2102.10032},
  year={2021}
}
@article{favero2021locality,
  title={Locality defeats the curse of dimensionality in convolutional teacher-student scenarios},
  author={Favero, Alessandro and Cagnetta, Francesco and Wyart, Matthieu},
  journal={arXiv preprint arXiv:2106.08619},
  year={2021}
}

@inproceedings{scetbon2020harmonic,
  title={Harmonic Decompositions of Convolutional Networks},
  author={Scetbon, Meyer and Harchaoui, Zaid},
  booktitle={International Conference on Machine Learning},
  pages={8522--8532},
  year={2020},
  organization={PMLR}
}

@article{mairal2016end,
  title={End-to-end kernel learning with supervised convolutional kernel networks},
  author={Mairal, Julien},
  journal={Advances in neural information processing systems},
  volume={29},
  pages={1399--1407},
  year={2016}
}

@article{heckel2019denoising,
  title={Denoising and regularization via exploiting the structural bias of convolutional generators},
  author={Heckel, Reinhard and Soltanolkotabi, Mahdi},
  journal={arXiv preprint arXiv:1910.14634},
  year={2019}
}

@ARTICLE{lecun1998gradient,
  author={Lecun, Y. and Bottou, L. and Bengio, Y. and Haffner, P.},
  journal={Proceedings of the IEEE}, 
  title={Gradient-based learning applied to document recognition}, 
  year={1998},
  volume={86},
  number={11},
  pages={2278-2324}
  }
  
@inproceedings{krizhevsky2012imagenet,
  author = {Krizhevsky, Alex and Sutskever, Ilya and Hinton, Geoffrey E},
  booktitle = {Advances in Neural Information Processing Systems},
  editor = {F. Pereira and C. J. C. Burges and L. Bottou and K. Q. Weinberger},
  pages = {},
  publisher = {Curran Associates, Inc.},
  title = {ImageNet Classification with Deep Convolutional Neural Networks},
  volume = {25},
  year = {2012}
}

@InProceedings{simonyan2015very,
  author       = "Karen Simonyan and Andrew Zisserman",
  title        = "Very Deep Convolutional Networks for Large-Scale Image Recognition",
  booktitle    = "International Conference on Learning Representations",
  year         = "2015",
}

@InProceedings{allen-zhu2019,
  title = {A Convergence Theory for Deep Learning via Over-Parameterization},
  author = 	 {Allen-Zhu, Zeyuan and Li, Yuanzhi and Song, Zhao},
  booktitle = {Proceedings of the 36th International Conference on Machine Learning},
  pages = 	 {242--252},
  year = 	 {2019},
  editor = 	 {Chaudhuri, Kamalika and Salakhutdinov, Ruslan},
  volume = 	 {97}
}

@inproceedings{du2019gradient,
  author    = {Simon S. Du and
               Jason D. Lee and
               Haochuan Li and
               Liwei Wang and
               Xiyu Zhai},
  editor    = {Kamalika Chaudhuri and
               Ruslan Salakhutdinov},
  title     = {Gradient Descent Finds Global Minima of Deep Neural Networks},
  booktitle = {Proceedings of the 36th International Conference on Machine Learning,
               {ICML} 2019, 9-15 June 2019, Long Beach, California, {USA}},
  volume    = {97},
  pages     = {1675--1685},
  year      = {2019},
}

@article{li2019enhanced,
  title={Enhanced Convolutional Neural Tangent Kernels},
  author={Li, Zhiyuan and Wang, Ruosong and Yu, Dingli and Du, Simon S and Hu, Wei and Salakhutdinov, Ruslan and Arora, Sanjeev},
  journal={arXiv preprint arXiv:1911.00809},
  year={2019}
}

@article{bach2017breaking,
  title={Breaking the curse of dimensionality with convex neural networks},
  author={Bach, Francis},
  journal={The Journal of Machine Learning Research},
  volume={18},
  number={1},
  pages={629--681},
  year={2017},
  publisher={JMLR. org}
}

@inproceedings{basri2019convergence,
  title={The convergence rate of neural networks for learned functions of different frequencies},
  author={Basri, Ronen and Jacobs, David and Kasten, Yoni and Kritchman, Shira},
  booktitle={Advances in Neural Information Processing Systems},
  pages={4763--4772},
  year={2019}
}

@inproceedings{basri2020Nonuniform,
    title={Frequency Bias in Neural Networks for Input of Non-Uniform Density},
    author={Ronen Basri and Meirav Galun and Amnon Geifman and David Jacobs and Yoni Kasten and Shira Kritchman},
    year={2020},
    booktitle={International Conference on Machine Learning}
}

@inproceedings{he2017mask,
  title={Mask r-cnn},
  author={He, Kaiming and Gkioxari, Georgia and Doll{\'a}r, Piotr and Girshick, Ross},
  booktitle={Proceedings of the IEEE international conference on computer vision},
  pages={2961--2969},
  year={2017}
}

@inproceedings{cho2009kernel,
 author = {Cho, Youngmin and Saul, Lawrence},
 booktitle = {Advances in Neural Information Processing Systems},
 editor = {Y. Bengio and D. Schuurmans and J. Lafferty and C. Williams and A. Culotta},
 pages = {},
 publisher = {Curran Associates, Inc.},
 title = {Kernel Methods for Deep Learning},
 volume = {22},
 year = {2009}
}

@inproceedings{ulyanov2018deep,
  title={Deep image prior},
  author={Ulyanov, Dmitry and Vedaldi, Andrea and Lempitsky, Victor},
  booktitle={Proceedings of the IEEE conference on computer vision and pattern recognition},
  pages={9446--9454},
  year={2018}
}

@inproceedings{ledig2017photo,
  title={Photo-realistic single image super-resolution using a generative adversarial network},
  author={Ledig, Christian and Theis, Lucas and Husz{\'a}r, Ferenc and Caballero, Jose and Cunningham, Andrew and Acosta, Alejandro and Aitken, Andrew and Tejani, Alykhan and Totz, Johannes and Wang, Zehan and others},
  booktitle={Proceedings of the IEEE conference on computer vision and pattern recognition},
  pages={4681--4690},
  year={2017}
}

@inproceedings{kim2016accurate,
  title={Accurate image super-resolution using very deep convolutional networks},
  author={Kim, Jiwon and Lee, Jung Kwon and Lee, Kyoung Mu},
  booktitle={Proceedings of the IEEE conference on computer vision and pattern recognition},
  pages={1646--1654},
  year={2016}
}
@article{poggio2017and,
  title={Why and when can deep-but not shallow-networks avoid the curse of dimensionality: a review},
  author={Poggio, Tomaso and Mhaskar, Hrushikesh and Rosasco, Lorenzo and Miranda, Brando and Liao, Qianli},
  journal={International Journal of Automation and Computing},
  volume={14},
  number={5},
  pages={503--519},
  year={2017},
  publisher={Springer}
}

@inproceedings{mairal2014convolutional,
 author = {Mairal, Julien and Koniusz, Piotr and Harchaoui, Zaid and Schmid, Cordelia},
 booktitle = {Advances in Neural Information Processing Systems},
 editor = {Z. Ghahramani and M. Welling and C. Cortes and N. Lawrence and K. Q. Weinberger},
 pages = {},
 publisher = {Curran Associates, Inc.},
 title = {Convolutional Kernel Networks},
 volume = {27},
 year = {2014}
}

@book{groemer1996geometric,
  title={Geometric applications of Fourier series and spherical harmonics},
  author={Groemer, Helmut},
  volume={61},
  year={1996},
  publisher={Cambridge University Press}
}

@book{muller2012analysis,
  title={Analysis of spherical symmetries in Euclidean spaces},
  author={M{\"u}ller, Claus},
  volume={129},
  year={2012},
  publisher={Springer Science \& Business Media}
}

@InProceedings{Tachella_2021_CVPR,
    author    = {Tachella, Julian and Tang, Junqi and Davies, Mike},
    title     = {The Neural Tangent Link Between CNN Denoisers and Non-Local Filters},
    booktitle = {Proceedings of the IEEE/CVF Conference on Computer Vision and Pattern Recognition (CVPR)},
    month     = {June},
    year      = {2021},
    pages     = {8618-8627}
}

@InProceedings{cohen2016expressive,
  title = 	 {On the Expressive Power of Deep Learning: A Tensor Analysis},
  author = 	 {Cohen, Nadav and Sharir, Or and Shashua, Amnon},
  booktitle = 	 {29th Annual Conference on Learning Theory},
  pages = 	 {698--728},
  year = 	 {2016},
  editor = 	 {Feldman, Vitaly and Rakhlin, Alexander and Shamir, Ohad},
  volume = 	 {49},
  series = 	 {Proceedings of Machine Learning Research},
  address = 	 {Columbia University, New York, New York, USA},
  month = 	 {23--26 Jun},
  publisher =    {PMLR}
}

@article{luo2016understanding,
  title={Understanding the effective receptive field in deep convolutional neural networks},
  author={Luo, Wenjie and Li, Yujia and Urtasun, Raquel and Zemel, Richard},
  journal={Advances in neural information processing systems},
  volume={29},
  year={2016}
}

@inproceedings{xiao2022eigenspace,
  title={Eigenspace restructuring: a principle of space and frequency in neural networks},
  author={Xiao, Lechao},
  booktitle={Conference on Learning Theory},
  pages={4888--4944},
  year={2022},
  organization={PMLR}
}
@article{geifman2022spectral,
  title={On the spectral bias of convolutional neural tangent and gaussian process kernels},
  author={Geifman, Amnon and Galun, Meirav and Jacobs, David and Basri, Ronen},
  journal={arXiv preprint arXiv:2203.09255},
  year={2022}
}

@article{barzilai2022kernel,
  title={A Kernel Perspective of Skip Connections in Convolutional Networks},
  author={Barzilai, Daniel and Geifman, Amnon and Galun, Meirav and Basri, Ronen},
  journal={arXiv preprint arXiv:2211.14810},
  year={2022}
}

@article{you2019large,
  title={Large batch optimization for deep learning: Training bert in 76 minutes},
  author={You, Yang and Li, Jing and Reddi, Sashank and Hseu, Jonathan and Kumar, Sanjiv and Bhojanapalli, Srinadh and Song, Xiaodan and Demmel, James and Keutzer, Kurt and Hsieh, Cho-Jui},
  journal={arXiv preprint arXiv:1904.00962},
  year={2019}
}
@article{you2017large,
  title={Large batch training of convolutional networks},
  author={You, Yang and Gitman, Igor and Ginsburg, Boris},
  journal={arXiv preprint arXiv:1708.03888},
  year={2017}
}
@article{song2021training,
  title={Training multi-layer over-parametrized neural network in subquadratic time},
  author={Song, Zhao and Zhang, Lichen and Zhang, Ruizhe},
  journal={arXiv preprint arXiv:2112.07628},
  year={2021}
}

@article{amari2020does,
  title={When does preconditioning help or hurt generalization?},
  author={Amari, Shun-ichi and Ba, Jimmy and Grosse, Roger and Li, Xuechen and Nitanda, Atsushi and Suzuki, Taiji and Wu, Denny and Xu, Ji},
  journal={arXiv preprint arXiv:2006.10732},
  year={2020}
}
@article{simon2022kernel,
  title={On Kernel Regression with Data-Dependent Kernels},
  author={Simon, James B},
  journal={arXiv preprint arXiv:2209.01691},
  year={2022}
}
@inproceedings{sindhwani2005beyond,
  title={Beyond the point cloud: from transductive to semi-supervised learning},
  author={Sindhwani, Vikas and Niyogi, Partha and Belkin, Mikhail},
  booktitle={Proceedings of the 22nd international conference on Machine learning},
  pages={824--831},
  year={2005}
}
@inproceedings{ionescu2017large,
  title={Large-scale data-dependent kernel approximation},
  author={Ionescu, Catalin and Popa, Alin and Sminchisescu, Cristian},
  booktitle={Artificial Intelligence and Statistics},
  pages={19--27},
  year={2017},
  organization={PMLR}
}

@inproceedings{kennedy2013classification,
  title={Classification and construction of closed-form kernels for signal representation on the 2-sphere},
  author={Kennedy, Rodney A and Sadeghi, Parastoo and Khalid, Zubair and McEwen, Jason D},
  booktitle={Wavelets and sparsity XV},
  volume={8858},
  pages={169--183},
  year={2013},
  organization={SPIE}
}
@inproceedings{williams1997computing,
  title={Computing with infinite networks},
  author={Williams, Christopher KI},
  booktitle={Advances in neural information processing systems},
  pages={295--301},
  year={1997}
}
@book{neal2012bayesian,
  title={Bayesian learning for neural networks},
  author={Neal, Radford M},
  volume={118},
  year={2012},
  publisher={Springer Science \& Business Media}
}
@inproceedings{daniely2016toward,
  title={Toward deeper understanding of neural networks: The power of initialization and a dual view on expressivity},
  author={Daniely, Amit and Frostig, Roy and Singer, Yoram},
  booktitle={Advances In Neural Information Processing Systems},
  pages={2253--2261},
  year={2016}
}

@article{yang2019fine,
  title={A fine-grained spectral perspective on neural networks},
  author={Yang, Greg and Salman, Hadi},
  journal={arXiv preprint arXiv:1907.10599},
  year={2019}
}
@article{belfer2021spectral,
  title={Spectral analysis of the neural tangent kernel for deep residual networks},
  author={Belfer, Yuval and Geifman, Amnon and Galun, Meirav and Basri, Ronen},
  journal={arXiv preprint arXiv:2104.03093},
  year={2021}
}
@book{nocedal1999numerical,
  title={Numerical optimization},
  author={Nocedal, Jorge and Wright, Stephen J},
  year={1999},
  publisher={Springer}
}

@article{zhang2019fast,
  title={Fast convergence of natural gradient descent for over-parameterized neural networks},
  author={Zhang, Guodong and Martens, James and Grosse, Roger B},
  journal={Advances in Neural Information Processing Systems},
  volume={32},
  year={2019}
}
@article{cai2019gram,
  title={Gram-gauss-newton method: Learning overparameterized neural networks for regression problems},
  author={Cai, Tianle and Gao, Ruiqi and Hou, Jikai and Chen, Siyu and Wang, Dong and He, Di and Zhang, Zhihua and Wang, Liwei},
  journal={arXiv preprint arXiv:1905.11675},
  year={2019}
}
  
@article{huang2020deep,
  title={Why Do Deep Residual Networks Generalize Better than Deep Feedforward Networks?---A Neural Tangent Kernel Perspective},
  author={Huang, Kaixuan and Wang, Yuqing and Tao, Molei and Zhao, Tuo},
  journal={Advances in neural information processing systems},
  volume={33},
  pages={2698--2709},
  year={2020}
}

@article{cagnetta2022wide,
  title={How wide convolutional neural networks learn hierarchical tasks},
  author={Cagnetta, Francesco and Favero, Alessandro and Wyart, Matthieu},
  journal={arXiv preprint arXiv:2208.01003},
  year={2022}
}

@article{xu2019frequency,
  title={Frequency principle: Fourier analysis sheds light on deep neural networks},
  author={Xu, Zhi-Qin John and Zhang, Yaoyu and Luo, Tao and Xiao, Yanyang and Ma, Zheng},
  journal={arXiv preprint arXiv:1901.06523},
  year={2019}
}

@article{murray2022characterizing,
  title={Characterizing the Spectrum of the NTK via a Power Series Expansion},
  author={Murray, Michael and Jin, Hui and Bowman, Benjamin and Montufar, Guido},
  journal={arXiv preprint arXiv:2211.07844},
  year={2022}
}

@article{bowman2022spectral,
  title={Spectral bias outside the training set for deep networks in the kernel regime},
  author={Bowman, Benjamin and Montufar, Guido},
  journal={arXiv preprint arXiv:2206.02927},
  year={2022}
}

@article{xu2022overview,
  title={Overview frequency principle/spectral bias in deep learning},
  author={Xu, Zhi-Qin John and Zhang, Yaoyu and Luo, Tao},
  journal={arXiv preprint arXiv:2201.07395},
  year={2022}
}

@inproceedings{tirer2022kernel,
  title={Kernel-based smoothness analysis of residual networks},
  author={Tirer, Tom and Bruna, Joan and Giryes, Raja},
  booktitle={Mathematical and Scientific Machine Learning},
  pages={921--954},
  year={2022},
  organization={PMLR}
}

@article{pedregosa2011scikit,
  title={Scikit-learn: Machine learning in Python},
  author={Pedregosa, Fabian and Varoquaux, Ga{\"e}l and Gramfort, Alexandre and Michel, Vincent and Thirion, Bertrand and Grisel, Olivier and Blondel, Mathieu and Prettenhofer, Peter and Weiss, Ron and Dubourg, Vincent and others},
  journal={the Journal of machine Learning research},
  volume={12},
  pages={2825--2830},
  year={2011},
  publisher={JMLR. org}
}

@article{chizat2019lazy,
  title={On lazy training in differentiable programming},
  author={Chizat, Lenaic and Oyallon, Edouard and Bach, Francis},
  journal={Advances in neural information processing systems},
  volume={32},
  year={2019}
}

@article{fridovich2021spectral,
  title={Spectral bias in practice: The role of function frequency in generalization},
  author={Fridovich-Keil, Sara and Gontijo-Lopes, Raphael and Roelofs, Rebecca},
  journal={arXiv preprint arXiv:2110.02424},
  year={2021}
}
@book{saitoh2016theory,
  title={Theory of reproducing kernels and applications},
  author={Saitoh, Saburou and Sawano, Yoshihiro},
  year={2016},
  publisher={Springer}
}

@article{song2019quadratic,
  title={Quadratic suffices for over-parametrization via matrix chernoff bound},
  author={Song, Zhao and Yang, Xin},
  journal={arXiv preprint arXiv:1906.03593},
  year={2019}
}

@article{wang2022and,
  title={When and why PINNs fail to train: A neural tangent kernel perspective},
  author={Wang, Sifan and Yu, Xinling and Perdikaris, Paris},
  journal={Journal of Computational Physics},
  volume={449},
  pages={110768},
  year={2022},
  publisher={Elsevier}
}

@article{tancik2020fourier,
  title={Fourier features let networks learn high frequency functions in low dimensional domains},
  author={Tancik, Matthew and Srinivasan, Pratul and Mildenhall, Ben and Fridovich-Keil, Sara and Raghavan, Nithin and Singhal, Utkarsh and Ramamoorthi, Ravi and Barron, Jonathan and Ng, Ren},
  journal={Advances in Neural Information Processing Systems},
  volume={33},
  pages={7537--7547},
  year={2020}
}

@inproceedings{nguyen2021tight,
  title={Tight bounds on the smallest eigenvalue of the neural tangent kernel for deep relu networks},
  author={Nguyen, Quynh and Mondelli, Marco and Montufar, Guido F},
  booktitle={International Conference on Machine Learning},
  pages={8119--8129},
  year={2021},
  organization={PMLR}
}

@article{wang2021deformed,
  title={Deformed semicircle law and concentration of nonlinear random matrices for ultra-wide neural networks},
  author={Wang, Zhichao and Zhu, Yizhe},
  journal={arXiv preprint arXiv:2109.09304},
  year={2021}
}

@article{oymak2020toward,
  title={Toward moderate overparameterization: Global convergence guarantees for training shallow neural networks},
  author={Oymak, Samet and Soltanolkotabi, Mahdi},
  journal={IEEE Journal on Selected Areas in Information Theory},
  volume={1},
  number={1},
  pages={84--105},
  year={2020},
  publisher={IEEE}
}

@article{montanari2022interpolation,
  title={The interpolation phase transition in neural networks: Memorization and generalization under lazy training},
  author={Montanari, Andrea and Zhong, Yiqiao},
  journal={The Annals of Statistics},
  volume={50},
  number={5},
  pages={2816--2847},
  year={2022},
  publisher={Institute of Mathematical Statistics}
}

@inproceedings{novak2022fast,
  title={Fast finite width neural tangent kernel},
  author={Novak, Roman and Sohl-Dickstein, Jascha and Schoenholz, Samuel S},
  booktitle={International Conference on Machine Learning},
  pages={17018--17044},
  year={2022},
  organization={PMLR}
}

@inproceedings{mohamadi2023fast,
  title={A fast, well-founded approximation to the empirical neural tangent kernel},
  author={Mohamadi, Mohamad Amin and Bae, Wonho and Sutherland, Danica J},
  booktitle={International Conference on Machine Learning},
  pages={25061--25081},
  year={2023},
  organization={PMLR}
}

@article{tsigler2023benign,
  title={Benign overfitting in ridge regression.},
  author={Tsigler, Alexander and Bartlett, Peter L},
  journal={J. Mach. Learn. Res.},
  volume={24},
  pages={123--1},
  year={2023}
}

@article{mallinar2022benign,
  title={Benign, tempered, or catastrophic: A taxonomy of overfitting},
  author={Mallinar, Neil and Simon, James B and Abedsoltan, Amirhesam and Pandit, Parthe and Belkin, Mikhail and Nakkiran, Preetum},
  journal={arXiv preprint arXiv:2207.06569},
  year={2022}
}

@article{steinwart2012mercer,
  title={Mercer’s theorem on general domains: On the interaction between measures, kernels, and RKHSs},
  author={Steinwart, Ingo and Scovel, Clint},
  journal={Constructive Approximation},
  volume={35},
  pages={363--417},
  year={2012},
  publisher={Springer}
}

@article{lee2020finite,
  title={Finite versus infinite neural networks: an empirical study},
  author={Lee, Jaehoon and Schoenholz, Samuel and Pennington, Jeffrey and Adlam, Ben and Xiao, Lechao and Novak, Roman and Sohl-Dickstein, Jascha},
  journal={Advances in Neural Information Processing Systems},
  volume={33},
  pages={15156--15172},
  year={2020}
}

@article{barzilai2023generalization,
  title={Generalization in Kernel Regression Under Realistic Assumptions},
  author={Barzilai, Daniel and Shamir, Ohad},
  journal={arXiv preprint arXiv:2312.15995},
  year={2023}
}