@inproceedings{langley00,
 author    = {P. Langley},
 title     = {Crafting Papers on Machine Learning},
 year      = {2000},
 pages     = {1207--1216},
 editor    = {Pat Langley},
 booktitle     = {Proceedings of the 17th International Conference
              on Machine Learning (ICML 2000)},
 address   = {Stanford, CA},
 publisher = {Morgan Kaufmann}
}


@article{montanari2022interpolation,
  title={The interpolation phase transition in neural networks: Memorization and generalization under lazy training},
  author={Montanari, Andrea and Zhong, Yiqiao},
  journal={The Annals of Statistics},
  volume={50},
  number={5},
  pages={2816--2847},
  year={2022},
  publisher={Institute of Mathematical Statistics}
}

@article{sitzmann2020implicit,
  title={Implicit neural representations with periodic activation functions},
  author={Sitzmann, Vincent and Martel, Julien and Bergman, Alexander and Lindell, David and Wetzstein, Gordon},
  journal={Advances in Neural Information Processing Systems},
  volume={33},
  pages={7462--7473},
  year={2020}
}

@article{nguyen2020global,
  title={Global convergence of deep networks with one wide layer followed by pyramidal topology},
  author={Nguyen, Quynh N and Mondelli, Marco},
  journal={Advances in Neural Information Processing Systems},
  volume={33},
  pages={11961--11972},
  year={2020}
}

@inproceedings{pennington2018emergence,
  title={The emergence of spectral universality in deep networks},
  author={Pennington, Jeffrey and Schoenholz, Samuel and Ganguli, Surya},
  booktitle={International Conference on Artificial Intelligence and Statistics},
  pages={1924--1932},
  year={2018},
  organization={PMLR}
}

@inproceedings{skorokhodov2021adversarial,
  title={Adversarial generation of continuous images},
  author={Skorokhodov, Ivan and Ignatyev, Savva and Elhoseiny, Mohamed},
  booktitle={Proceedings of the IEEE/CVF Conference on Computer Vision and Pattern Recognition},
  pages={10753--10764},
  year={2021}
}

@article{pennington2017nonlinear,
  title={Nonlinear random matrix theory for deep learning},
  author={Pennington, Jeffrey and Worah, Pratik},
  journal={Advances in neural information processing systems},
  volume={30},
  year={2017}
}

@inproceedings{chen2021learning,
  title={Learning continuous image representation with local implicit image function},
  author={Chen, Yinbo and Liu, Sifei and Wang, Xiaolong},
  booktitle={Proceedings of the IEEE/CVF conference on computer vision and pattern recognition},
  pages={8628--8638},
  year={2021}
}

@article{mildenhall2021nerf,
  title={Nerf: Representing scenes as neural radiance fields for view synthesis},
  author={Mildenhall, Ben and Srinivasan, Pratul P and Tancik, Matthew and Barron, Jonathan T and Ramamoorthi, Ravi and Ng, Ren},
  journal={Communications of the ACM},
  volume={65},
  number={1},
  pages={99--106},
  year={2021},
  publisher={ACM New York, NY, USA}
}

@inproceedings{ramasinghe2022beyond,
  title={Beyond periodicity: Towards a unifying framework for activations in coordinate-mlps},
  author={Ramasinghe, Sameera and Lucey, Simon},
  booktitle={Computer Vision--ECCV 2022: 17th European Conference, Tel Aviv, Israel, October 23--27, 2022, Proceedings, Part XXXIII},
  pages={142--158},
  year={2022},
  organization={Springer}
}

@inproceedings{li20223d,
  title={3d neural scene representations for visuomotor control},
  author={Li, Yunzhu and Li, Shuang and Sitzmann, Vincent and Agrawal, Pulkit and Torralba, Antonio},
  booktitle={Conference on Robot Learning},
  pages={112--123},
  year={2022},
  organization={PMLR}
}


@inproceedings{chng2022gaussian,
  title={Gaussian activated neural radiance fields for high fidelity reconstruction and pose estimation},
  author={Chng, Shin-Fang and Ramasinghe, Sameera and Sherrah, Jamie and Lucey, Simon},
  booktitle={Computer Vision--ECCV 2022: 17th European Conference, Tel Aviv, Israel, October 23--27, 2022, Proceedings, Part XXXIII},
  pages={264--280},
  year={2022},
  organization={Springer}
}

@article{du2018gradient,
  title={Gradient descent provably optimizes over-parameterized neural networks},
  author={Du, Simon S and Zhai, Xiyu and Poczos, Barnabas and Singh, Aarti},
  journal={arXiv preprint arXiv:1810.02054},
  year={2018}
}

@inproceedings{nguyen2021tight,
  title={Tight bounds on the smallest eigenvalue of the neural tangent kernel for deep relu networks},
  author={Nguyen, Quynh and Mondelli, Marco and Montufar, Guido F},
  booktitle={International Conference on Machine Learning},
  pages={8119--8129},
  year={2021},
  organization={PMLR}
}

@inproceedings{allen2019convergence,
  title={A convergence theory for deep learning via over-parameterization},
  author={Allen-Zhu, Zeyuan and Li, Yuanzhi and Song, Zhao},
  booktitle={International Conference on Machine Learning},
  pages={242--252},
  year={2019},
  organization={PMLR}
}

@inproceedings{gerace2020generalisation,
  title={Generalisation error in learning with random features and the hidden manifold model},
  author={Gerace, Federica and Loureiro, Bruno and Krzakala, Florent and M{\'e}zard, Marc and Zdeborov{\'a}, Lenka},
  booktitle={International Conference on Machine Learning},
  pages={3452--3462},
  year={2020},
  organization={PMLR}
}

@article{oymak2020toward,
  title={Toward moderate overparameterization: Global convergence guarantees for training shallow neural networks},
  author={Oymak, Samet and Soltanolkotabi, Mahdi},
  journal={IEEE Journal on Selected Areas in Information Theory},
  volume={1},
  number={1},
  pages={84--105},
  year={2020},
  publisher={IEEE}
}

@article{song2019quadratic,
  title={Quadratic suffices for over-parametrization via matrix chernoff bound},
  author={Song, Zhao and Yang, Xin},
  journal={arXiv preprint arXiv:1906.03593},
  year={2019}
}


@article{zou2019improved,
  title={An improved analysis of training over-parameterized deep neural networks},
  author={Zou, Difan and Gu, Quanquan},
  journal={Advances in neural information processing systems},
  volume={32},
  year={2019}
}

@inproceedings{du2019gradient,
  title={Gradient descent finds global minima of deep neural networks},
  author={Du, Simon and Lee, Jason and Li, Haochuan and Wang, Liwei and Zhai, Xiyu},
  booktitle={International conference on machine learning},
  pages={1675--1685},
  year={2019},
  organization={PMLR}
}

@article{liao2020random,
  title={A random matrix analysis of random fourier features: beyond the gaussian kernel, a precise phase transition, and the corresponding double descent},
  author={Liao, Zhenyu and Couillet, Romain and Mahoney, Michael W},
  journal={Advances in Neural Information Processing Systems},
  volume={33},
  pages={13939--13950},
  year={2020}
}

@inproceedings{arora2019fine,
  title={Fine-grained analysis of optimization and generalization for overparameterized two-layer neural networks},
  author={Arora, Sanjeev and Du, Simon and Hu, Wei and Li, Zhiyuan and Wang, Ruosong},
  booktitle={International Conference on Machine Learning},
  pages={322--332},
  year={2019},
  organization={PMLR}
}

@book{vershynin2018high,
  title={High-dimensional probability: An introduction with applications in data science},
  author={Vershynin, Roman},
  volume={47},
  year={2018},
  publisher={Cambridge university press}
}

@article{schur1911bemerkungen,
  title={Bemerkungen zur Theorie der beschr{\"a}nkten Bilinearformen mit unendlich vielen Ver{\"a}nderlichen.},
  author={Schur, Jssai},
  year={1911},
  publisher={Walter de Gruyter, Berlin/New York Berlin, New York}
}

@article{virmaux2018lipschitz,
  title={Lipschitz regularity of deep neural networks: analysis and efficient estimation},
  author={Virmaux, Aladin and Scaman, Kevin},
  journal={Advances in Neural Information Processing Systems},
  volume={31},
  year={2018}
}

@article{davidson2001local,
  title={Local operator theory, random matrices and Banach spaces},
  author={Davidson, Kenneth R and Szarek, Stanislaw J},
  journal={Handbook of the geometry of Banach spaces},
  volume={1},
  number={317-366},
  pages={131},
  year={2001},
  publisher={North-Holland, Amsterdam}
}

@inproceedings{liao2018spectrum,
  title={On the spectrum of random features maps of high dimensional data},
  author={Liao, Zhenyu and Couillet, Romain},
  booktitle={International Conference on Machine Learning},
  pages={3063--3071},
  year={2018},
  organization={PMLR}
}

@article{hastie2022surprises,
  title={Surprises in high-dimensional ridgeless least squares interpolation},
  author={Hastie, Trevor and Montanari, Andrea and Rosset, Saharon and Tibshirani, Ryan J},
  journal={The Annals of Statistics},
  volume={50},
  number={2},
  pages={949--986},
  year={2022},
  publisher={Institute of Mathematical Statistics}
}

@article{tancik2020fourier,
  title={Fourier features let networks learn high frequency functions in low dimensional domains},
  author={Tancik, Matthew and Srinivasan, Pratul and Mildenhall, Ben and Fridovich-Keil, Sara and Raghavan, Nithin and Singhal, Utkarsh and Ramamoorthi, Ravi and Barron, Jonathan and Ng, Ren},
  journal={Advances in Neural Information Processing Systems},
  volume={33},
  pages={7537--7547},
  year={2020}
}

@book{horn1994topics,
  title={Topics in matrix analysis},
  author={Horn, Roger A and Horn, Roger A and Johnson, Charles R},
  year={1994},
  publisher={Cambridge university press}
}